<record><header><identifier>oai:alma.41SLSP_UGE:991000005439705502</identifier><datestamp>2023-03-01T01:09:06Z</datestamp><setSpec>uge_bcen_RapidILL_BOOK</setSpec><setSpec>uge_aaca_RapidILL_BOOK</setSpec><setSpec>uge_abels_RapidILL_BOOK</setSpec><setSpec>uge_dbu_RapidILL_BOOK</setSpec><setSpec>uge_cmu_RapidILL_BOOK</setSpec><setSpec>uge_mail_RapidILL_BOOK</setSpec><setSpec>UNIGE_ALL</setSpec><setSpec>uge_abbat_RapidILL_BOOK</setSpec><setSpec>uge_aobs_RapidILL_BOOK</setSpec><setSpec>uge_acar_RapidILL_BOOK</setSpec></header><metadata>
<record xmlns="http://www.loc.gov/MARC21/slim" xmlns:xsi="http://www.w3.org/2001/XMLSchema-instance" xsi:schemaLocation="http://www.loc.gov/MARC21/slim http://www.loc.gov/standards/marcxml/schema/MARC21slim.xsd"><leader>01371nam a22004212c 4500</leader><controlfield tag="001">991000005439705502</controlfield><controlfield tag="005">20201231102407.0</controlfield><controlfield tag="008">201012s1972    sp ||||| |||| 00| ||spa d</controlfield><datafield ind1=" " ind2=" " tag="015"><subfield code="a">57601831</subfield><subfield code="2">bnf</subfield></datafield><datafield ind1="7" ind2=" " tag="016"><subfield code="a">FRBNF352337230000005</subfield><subfield code="2">FrPBN</subfield></datafield><datafield ind1=" " ind2=" " tag="035"><subfield code="a">(swissbib)233663711-41slsp_network</subfield></datafield><datafield ind1=" " ind2=" " tag="035"><subfield code="a">233663711</subfield><subfield code="9">ExL</subfield></datafield><datafield ind1=" " ind2=" " tag="035"><subfield code="a">(RERO)1885868-41slsp</subfield></datafield><datafield ind1=" " ind2=" " tag="035"><subfield code="a">(IDSBB)006138162DSV01</subfield></datafield><datafield ind1=" " ind2=" " tag="035"><subfield code="a">(NEBIS)003314486EBI01</subfield></datafield><datafield ind1=" " ind2=" " tag="035"><subfield code="a">(OCoLC)462087254</subfield></datafield><datafield ind1=" " ind2=" " tag="035"><subfield code="a">(OCoLC)248806069</subfield></datafield><datafield ind1=" " ind2=" " tag="035"><subfield code="a">(EXLNZ-41SLSP_NETWORK)991010014099705501</subfield></datafield><datafield ind1=" " ind2=" " tag="040"><subfield code="a">RERO gevbpu</subfield><subfield code="d">CH-ZuSLS</subfield></datafield><datafield ind1=" " ind2=" " tag="050"><subfield code="a">PQ6605.U5</subfield></datafield><datafield ind1=" " ind2="7" tag="072"><subfield code="a">es</subfield><subfield code="2">rero</subfield></datafield><datafield ind1=" " ind2="7" tag="072"><subfield code="a">es</subfield><subfield code="2">SzZuIDS BS/BE</subfield></datafield><datafield ind1="0" ind2="4" tag="082"><subfield code="a">863.6</subfield></datafield><datafield ind1=" " ind2=" " tag="084"><subfield code="a">IP 3549</subfield><subfield code="2">rvk</subfield></datafield><datafield ind1="1" ind2=" " tag="100"><subfield code="a">Cunqueiro, Álvaro</subfield><subfield code="d">1911-1981</subfield><subfield code="0">(DE-588)119049635</subfield><subfield code="6">880-01</subfield></datafield><datafield ind1="1" ind2=" " tag="880"><subfield code="a">Cunqueiro, Álvaro</subfield><subfield code="0">(RERO)A003147436</subfield><subfield code="4">cre</subfield><subfield code="6">100-01</subfield></datafield><datafield ind1="1" ind2="0" tag="245"><subfield code="a">Vida y fugas de Fanto Fantini della Gherardesca</subfield><subfield code="c">Álvaro Cunqueiro</subfield></datafield><datafield ind1=" " ind2="1" tag="264"><subfield code="a">Barcelona</subfield><subfield code="b">Destino</subfield><subfield code="c">1972</subfield></datafield><datafield ind1=" " ind2=" " tag="300"><subfield code="a">185 p.</subfield><subfield code="c">19 cm</subfield></datafield><datafield ind1=" " ind2=" " tag="336"><subfield code="b">txt</subfield><subfield code="2">rdacontent</subfield></datafield><datafield ind1=" " ind2=" " tag="337"><subfield code="b">n</subfield><subfield code="2">rdamedia</subfield></datafield><datafield ind1=" " ind2=" " tag="338"><subfield code="b">nc</subfield><subfield code="2">rdacarrier</subfield></datafield><datafield ind1="1" ind2=" " tag="490"><subfield code="a">Ancora y delfín</subfield><subfield code="v">408</subfield></datafield><datafield ind1=" " ind2=" " tag="830"><subfield code="a">Ancora y delfín</subfield><subfield code="v">408</subfield><subfield code="w">(RERO)0337216-41slsp</subfield></datafield><datafield ind1=" " ind2=" " tag="830"><subfield code="a">Áncora y delfín</subfield><subfield code="v">408</subfield><subfield code="w">(NEBIS)001001481EBI01</subfield></datafield><datafield ind1=" " ind2=" " tag="830"><subfield code="a">Áncora y delfín</subfield><subfield code="v">408</subfield><subfield code="w">(IDSBB)000425552DSV01</subfield></datafield><datafield ind1=" " ind2=" " tag="900"><subfield code="a">REROnoselfmerge</subfield></datafield><datafield ind1=" " ind2=" " tag="900"><subfield code="a">IDSZRMedeaZBZ</subfield><subfield code="b">IDSZRSWK</subfield></datafield><datafield ind1=" " ind2=" " tag="911"><subfield code="a">100</subfield><subfield code="a">Cunqueiro, Álvaro</subfield><subfield code="d">1911-1981</subfield></datafield><datafield ind1=" " ind2=" " tag="993"><subfield code="a">BFLA 236480</subfield><subfield code="x">ge/ules/a/FLs 25676</subfield><subfield code="9">LOCAL</subfield></datafield></record>
</metadata></record>