<record><header><identifier>oai:alma.41SLSP_UGE:991000005959705502</identifier><datestamp>2023-07-01T00:23:21Z</datestamp><setSpec>uge_bcen_RapidILL_BOOK</setSpec><setSpec>uge_aaca_RapidILL_BOOK</setSpec><setSpec>uge_abels_RapidILL_BOOK</setSpec><setSpec>uge_dbu_RapidILL_BOOK</setSpec><setSpec>uge_cmu_RapidILL_BOOK</setSpec><setSpec>uge_mail_RapidILL_BOOK</setSpec><setSpec>uge_abbat_RapidILL_BOOK</setSpec><setSpec>UNIGE_ALL</setSpec><setSpec>uge_aobs_RapidILL_BOOK</setSpec><setSpec>uge_acar_RapidILL_BOOK</setSpec></header><metadata>
<record xmlns="http://www.loc.gov/MARC21/slim" xmlns:xsi="http://www.w3.org/2001/XMLSchema-instance" xsi:schemaLocation="http://www.loc.gov/MARC21/slim http://www.loc.gov/standards/marcxml/schema/MARC21slim.xsd"><leader>01926naa a2200361 c 4500</leader><controlfield tag="001">991000005959705502</controlfield><controlfield tag="005">20230630205241.0</controlfield><controlfield tag="008">180821s2018    sz ||||| |||| 00| ||fre d</controlfield><datafield ind1=" " ind2=" " tag="035"><subfield code="a">(swissbib)125018045-41slsp_network</subfield></datafield><datafield ind1=" " ind2=" " tag="035"><subfield code="a">125018045</subfield><subfield code="9">ExL</subfield></datafield><datafield ind1=" " ind2=" " tag="035"><subfield code="a">(RERO)R008830882-41slsp</subfield></datafield><datafield ind1=" " ind2=" " tag="035"><subfield code="a">(EXLNZ-41SLSP_NETWORK)991140819749705501</subfield></datafield><datafield ind1=" " ind2=" " tag="040"><subfield code="a">RERO iftfla</subfield><subfield code="d">CH-ZuSLS</subfield></datafield><datafield ind1="1" ind2=" " tag="041"><subfield code="a">fre</subfield><subfield code="h">ger</subfield></datafield><datafield ind1=" " ind2=" " tag="044"><subfield code="a">sz</subfield><subfield code="c">ch-be</subfield></datafield><datafield ind1=" " ind2="7" tag="072"><subfield code="a">dr</subfield><subfield code="2">rero</subfield></datafield><datafield ind1=" " ind2=" " tag="084"><subfield code="a">CA/CH 57.2 i</subfield><subfield code="2">cjurrom</subfield></datafield><datafield ind1="1" ind2=" " tag="100"><subfield code="a">Kahil-Wolff, Bettina</subfield><subfield code="d">1962-....</subfield><subfield code="0">(IDREF)083419179</subfield><subfield code="4">cre</subfield></datafield><datafield ind1="1" ind2="0" tag="245"><subfield code="a">&lt;&lt;Der&gt;&gt; AHV-rechtliche Beitragsstatus von in der Schweiz tätigen Uber-Fahrern</subfield><subfield code="b">Gutachten zu Händen von Uber Switzerland GmbH = Avis juridique sur le statut des chauffeurs utilisant les applications Uber en Suisse au regard de la législation sur l'assurance-vieillesse et survivants (AVS) : expertise à l'attention de Uber Switzerland GmbH</subfield><subfield code="c">Bettina Kahil-Wolff</subfield></datafield><datafield ind1="1" ind2=" " tag="246"><subfield code="a">Avis juridique sur le statut des chauffeurs utilisant les applications Uber en Suisse au regard de la législation sur l'assurance-vieillesse et survivants (AVS)</subfield><subfield code="b">expertise à l'attention de Uber Switzerland GmbH</subfield></datafield><datafield ind1=" " ind2=" " tag="336"><subfield code="b">txt</subfield><subfield code="2">rdacontent</subfield></datafield><datafield ind1=" " ind2=" " tag="337"><subfield code="b">n</subfield><subfield code="2">rdamedia</subfield></datafield><datafield ind1=" " ind2=" " tag="338"><subfield code="b">nc</subfield><subfield code="2">rdacarrier</subfield></datafield><datafield ind1=" " ind2=" " tag="500"><subfield code="a">Annexes 2 et 3</subfield></datafield><datafield ind1=" " ind2=" " tag="500"><subfield code="a">Article reproduit avec l'autorisation d'Uber B.V.</subfield></datafield><datafield ind1=" " ind2=" " tag="500"><subfield code="a">Die Artikel in Deutsch und Franz. folgen aufeinander</subfield></datafield><datafield ind1=" " ind2=" " tag="580"><subfield code="a">In: Le droit social numérique. - Berne : Stämpfli, 2018. - P. 209-286</subfield></datafield><datafield ind1=" " ind2="7" tag="650"><subfield code="a">Crowdsourcing</subfield><subfield code="9">ger</subfield><subfield code="0">(RERO)jurivoc000050514ger</subfield><subfield code="2">jurivoc</subfield></datafield><datafield ind1=" " ind2="7" tag="650"><subfield code="a">AHV</subfield><subfield code="9">ger</subfield><subfield code="0">(RERO)jurivoc000000645ger</subfield><subfield code="2">jurivoc</subfield></datafield><datafield ind1=" " ind2="7" tag="650"><subfield code="a">Beitragsstatut</subfield><subfield code="9">ger</subfield><subfield code="0">(RERO)jurivoc000003136ger</subfield><subfield code="2">jurivoc</subfield></datafield><datafield ind1=" " ind2="7" tag="650"><subfield code="a">AHV/IV/EO-Beitrag</subfield><subfield code="9">ger</subfield><subfield code="0">(RERO)jurivoc000000651ger</subfield><subfield code="2">jurivoc</subfield></datafield><datafield ind1=" " ind2="7" tag="650"><subfield code="a">Limousinendienst</subfield><subfield code="9">ger</subfield><subfield code="0">(RERO)jurivoc000050867ger</subfield><subfield code="2">jurivoc</subfield></datafield><datafield ind1=" " ind2="7" tag="651"><subfield code="a">Schweiz</subfield><subfield code="9">ger</subfield><subfield code="0">(RERO)jurivoc000019912ger</subfield><subfield code="2">jurivoc</subfield></datafield><datafield ind1="0" ind2=" " tag="773"><subfield code="t">Droit social numérique</subfield><subfield code="g">209</subfield><subfield code="w">(RERO)R008813931-41slsp</subfield></datafield></record>
</metadata></record>