<record><header><identifier>oai:alma.41SLSP_UGE:991000005669705502</identifier><datestamp>2023-03-01T01:09:06Z</datestamp><setSpec>uge_bcen_RapidILL_BOOK</setSpec><setSpec>uge_aaca_RapidILL_BOOK</setSpec><setSpec>uge_abels_RapidILL_BOOK</setSpec><setSpec>uge_dbu_RapidILL_BOOK</setSpec><setSpec>uge_cmu_RapidILL_BOOK</setSpec><setSpec>uge_mail_RapidILL_BOOK</setSpec><setSpec>UNIGE_ALL</setSpec><setSpec>uge_abbat_RapidILL_BOOK</setSpec><setSpec>uge_aobs_RapidILL_BOOK</setSpec><setSpec>uge_acar_RapidILL_BOOK</setSpec></header><metadata>
<record xmlns="http://www.loc.gov/MARC21/slim" xmlns:xsi="http://www.w3.org/2001/XMLSchema-instance" xsi:schemaLocation="http://www.loc.gov/MARC21/slim http://www.loc.gov/standards/marcxml/schema/MARC21slim.xsd"><leader>00795nam a2200229 c 4500</leader><controlfield tag="001">991000005669705502</controlfield><controlfield tag="005">20201225191304.0</controlfield><controlfield tag="008">000914s1960    fr ||||| |||| 00| ||fre d</controlfield><datafield ind1="0" ind2="2" tag="028"><subfield code="a">E.P. 169-172</subfield></datafield><datafield ind1=" " ind2=" " tag="035"><subfield code="a">(swissbib)088323064-41slsp_network</subfield></datafield><datafield ind1=" " ind2=" " tag="035"><subfield code="a">088323064</subfield><subfield code="9">ExL</subfield></datafield><datafield ind1=" " ind2=" " tag="035"><subfield code="a">(RERO)1793171-41slsp</subfield></datafield><datafield ind1=" " ind2=" " tag="035"><subfield code="a">(EXLNZ-41SLSP_NETWORK)991127831409705501</subfield></datafield><datafield ind1=" " ind2=" " tag="040"><subfield code="a">RERO geumed</subfield><subfield code="d">CH-ZuSLS</subfield></datafield><datafield ind1=" " ind2="7" tag="072"><subfield code="a">fr</subfield><subfield code="2">rero</subfield></datafield><datafield ind1="1" ind2=" " tag="100"><subfield code="a">Labé, Louise</subfield><subfield code="d">1524?-1566</subfield><subfield code="0">(IDREF)026957205</subfield><subfield code="4">cre</subfield></datafield><datafield ind1="1" ind2="0" tag="245"><subfield code="a">Sonnets</subfield><subfield code="c">Louise Labé ; dits par Suzanne Flon</subfield></datafield><datafield ind1=" " ind2="1" tag="264"><subfield code="a">Paris</subfield><subfield code="b">Le Club français du disque [prod.]</subfield><subfield code="c">[ca. 1960]</subfield></datafield><datafield ind1=" " ind2=" " tag="300"><subfield code="a">2 DISQUES SONORES</subfield><subfield code="b">45 t., mono</subfield><subfield code="c">18 cm</subfield></datafield><datafield ind1="1" ind2=" " tag="490"><subfield code="a">Logos</subfield><subfield code="v">223</subfield></datafield><datafield ind1="1" ind2=" " tag="700"><subfield code="a">Flon, Suzanne</subfield><subfield code="d">1918-2005</subfield><subfield code="0">(IDREF)060569735</subfield></datafield><datafield ind1=" " ind2=" " tag="830"><subfield code="a">Logos</subfield><subfield code="p">Club français du disque</subfield><subfield code="v">223</subfield><subfield code="w">(RERO)1794163-41slsp</subfield></datafield><datafield ind1=" " ind2=" " tag="900"><subfield code="a">REROnoselfmerge</subfield></datafield></record>
</metadata></record>