<record><header><identifier>oai:alma.41SLSP_UGE:991000005459705502</identifier><datestamp>2023-04-11T00:13:09Z</datestamp><setSpec>uge_bcen_RapidILL_BOOK</setSpec><setSpec>uge_aaca_RapidILL_BOOK</setSpec><setSpec>uge_abels_RapidILL_BOOK</setSpec><setSpec>uge_dbu_RapidILL_BOOK</setSpec><setSpec>uge_cmu_RapidILL_BOOK</setSpec><setSpec>uge_mail_RapidILL_BOOK</setSpec><setSpec>uge_abbat_RapidILL_BOOK</setSpec><setSpec>UNIGE_ALL</setSpec><setSpec>uge_acar_RapidILL_BOOK</setSpec><setSpec>uge_aobs_RapidILL_BOOK</setSpec></header><metadata>
<record xmlns="http://www.loc.gov/MARC21/slim" xmlns:xsi="http://www.w3.org/2001/XMLSchema-instance" xsi:schemaLocation="http://www.loc.gov/MARC21/slim http://www.loc.gov/standards/marcxml/schema/MARC21slim.xsd"><leader>01889nam a2200469 c 4500</leader><controlfield tag="001">991000005459705502</controlfield><controlfield tag="005">20230410140351.0</controlfield><controlfield tag="008">201012s1980    gw ||||| |||| 10| ||eng d</controlfield><datafield ind1=" " ind2=" " tag="020"><subfield code="a">3110081547</subfield></datafield><datafield ind1=" " ind2=" " tag="035"><subfield code="a">(swissbib)242703755-41slsp_network</subfield></datafield><datafield ind1=" " ind2=" " tag="035"><subfield code="a">242703755</subfield><subfield code="9">ExL</subfield></datafield><datafield ind1=" " ind2=" " tag="035"><subfield code="a">(RERO)0856331-41slsp</subfield></datafield><datafield ind1=" " ind2=" " tag="035"><subfield code="a">(NEBIS)000280653EBI01</subfield></datafield><datafield ind1=" " ind2=" " tag="035"><subfield code="a">(EXLNZ-41SLSP_NETWORK)991113614449705501</subfield></datafield><datafield ind1=" " ind2=" " tag="040"><subfield code="a">RERO geussc</subfield><subfield code="d">CH-ZuSLS</subfield></datafield><datafield ind1=" " ind2="7" tag="072"><subfield code="a">bi</subfield><subfield code="2">rero</subfield></datafield><datafield ind1=" " ind2="7" tag="072"><subfield code="a">ch</subfield><subfield code="2">rero</subfield></datafield><datafield ind1="0" ind2="0" tag="082"><subfield code="a">574.19/28</subfield></datafield><datafield ind1="1" ind2="4" tag="082"><subfield code="a">574.1928</subfield></datafield><datafield ind1="0" ind2="0" tag="245"><subfield code="a">Electrophoresis '79</subfield><subfield code="b">advanced methods, biochemical and clinical applications : proceedings of the Second International Conference on Electrophoresis, Munich, Germany, October 15-17, 1979</subfield><subfield code="c">ed. Bertold J. Radola</subfield></datafield><datafield ind1=" " ind2="1" tag="264"><subfield code="a">Berlin</subfield><subfield code="a">New York</subfield><subfield code="b">W. de Gruyter</subfield><subfield code="c">1980</subfield></datafield><datafield ind1=" " ind2=" " tag="300"><subfield code="a">XV, 858 p.</subfield><subfield code="b">ill.</subfield><subfield code="c">25 cm</subfield></datafield><datafield ind1=" " ind2=" " tag="336"><subfield code="b">txt</subfield><subfield code="2">rdacontent</subfield></datafield><datafield ind1=" " ind2=" " tag="337"><subfield code="b">n</subfield><subfield code="2">rdamedia</subfield></datafield><datafield ind1=" " ind2=" " tag="338"><subfield code="b">nc</subfield><subfield code="2">rdacarrier</subfield></datafield><datafield ind1=" " ind2=" " tag="500"><subfield code="a">Congrès de biochimie. Munich. 1979</subfield></datafield><datafield ind1=" " ind2="2" tag="650"><subfield code="a">Electrophoresis</subfield></datafield><datafield ind1=" " ind2="7" tag="650"><subfield code="a">Électrophorèse</subfield><subfield code="0">(IDREF)027352390</subfield><subfield code="2">idref</subfield></datafield><datafield ind1=" " ind2="7" tag="650"><subfield code="a">Elektrophorese</subfield><subfield code="0">(DE-588)4014373-9</subfield><subfield code="2">gnd</subfield></datafield><datafield ind1=" " ind2="7" tag="650"><subfield code="a">Kongress</subfield><subfield code="0">(DE-588)4130470-6</subfield><subfield code="2">gnd</subfield></datafield><datafield ind1=" " ind2="0" tag="650"><subfield code="a">Biochemistry</subfield><subfield code="x">Technique</subfield><subfield code="v">Congresses</subfield></datafield><datafield ind1=" " ind2="0" tag="650"><subfield code="a">Clinical chemistry</subfield><subfield code="x">Technique</subfield><subfield code="v">Congresses</subfield></datafield><datafield ind1=" " ind2="0" tag="650"><subfield code="a">Electrophoresis</subfield><subfield code="v">Congresses</subfield></datafield><datafield ind1=" " ind2="0" tag="650"><subfield code="a">Isoelectric focusing</subfield><subfield code="v">Congresses</subfield></datafield><datafield ind1=" " ind2="7" tag="650"><subfield code="a">ELEKTROPHORESE + IONOPHORESE + ELEKTROCHROMATOGRAPHIE</subfield><subfield code="9">ger</subfield><subfield code="0">(ETHUDK)000016465</subfield><subfield code="2">ethudk</subfield></datafield><datafield ind1=" " ind2="2" tag="655"><subfield code="a">Congress</subfield></datafield><datafield ind1=" " ind2="7" tag="655"><subfield code="a">Actes de congrès</subfield><subfield code="0">(IDREF)02886431X</subfield><subfield code="2">idref</subfield></datafield><datafield ind1=" " ind2="7" tag="655"><subfield code="a">Konferenzschrift</subfield><subfield code="z">München</subfield><subfield code="y">1979</subfield><subfield code="2">gnd-content</subfield></datafield><datafield ind1="1" ind2=" " tag="700"><subfield code="a">Radola, Bertold J.</subfield><subfield code="0">(IDREF)119292580</subfield></datafield><datafield ind1="2" ind2=" " tag="711"><subfield code="a">International Conference on Electrophoresis</subfield><subfield code="0">(DE-588)1091871264</subfield></datafield><datafield ind1="2" ind2=" " tag="711"><subfield code="a">International Conference on Electrophoresis</subfield><subfield code="n">2</subfield><subfield code="d">1979</subfield><subfield code="c">Munich</subfield><subfield code="0">(IDREF)119292610</subfield></datafield><datafield ind1=" " ind2=" " tag="900"><subfield code="a">REROnoselfmerge</subfield></datafield><datafield ind1=" " ind2=" " tag="900"><subfield code="a">IDSZ2zbzmon201306rl</subfield><subfield code="c">IDSZ2tobt</subfield></datafield></record>
</metadata></record>