<record><header><identifier>oai:alma.41SLSP_UGE:991011969420005502</identifier><datestamp>2024-10-11T00:08:51Z</datestamp><setSpec>UNIGE_ALL</setSpec></header><metadata>
<record xmlns="http://www.loc.gov/MARC21/slim" xmlns:xsi="http://www.w3.org/2001/XMLSchema-instance" xsi:schemaLocation="http://www.loc.gov/MARC21/slim http://www.loc.gov/standards/marcxml/schema/MARC21slim.xsd"><leader>02342nam a2200433 i 4500</leader><controlfield tag="001">991011969420005502</controlfield><controlfield tag="005">20241010123708.0</controlfield><controlfield tag="006">m     o  d        </controlfield><controlfield tag="007">cr#|||||||||||</controlfield><controlfield tag="008">231001s2022    be a    ob    000 0 fre d</controlfield><datafield ind1=" " ind2=" " tag="020"><subfield code="a">2-8073-3714-7</subfield></datafield><datafield ind1=" " ind2=" " tag="020"><subfield code="a">2-8073-5883-7</subfield></datafield><datafield ind1=" " ind2=" " tag="035"><subfield code="a">(CKB)5690000000114509</subfield></datafield><datafield ind1=" " ind2=" " tag="035"><subfield code="a">(PPN)275574482</subfield></datafield><datafield ind1=" " ind2=" " tag="035"><subfield code="a">(NjHacI)995690000000114509</subfield></datafield><datafield ind1=" " ind2=" " tag="035"><subfield code="a">(EXLCZ)995690000000114509</subfield></datafield><datafield ind1=" " ind2=" " tag="040"><subfield code="a">NjHacI</subfield><subfield code="b">eng</subfield><subfield code="e">rda</subfield><subfield code="c">NjHacl</subfield></datafield><datafield ind1=" " ind2="4" tag="050"><subfield code="a">PN6728.T6568</subfield><subfield code="b">.C457 2022</subfield></datafield><datafield ind1="0" ind2="4" tag="082"><subfield code="a">741.5973</subfield><subfield code="2">23</subfield></datafield><datafield ind1="1" ind2=" " tag="100"><subfield code="a">Chiron, Caroline,</subfield><subfield code="e">author.</subfield></datafield><datafield ind1="1" ind2="0" tag="245"><subfield code="a">Addictions  :</subfield><subfield code="b">prévenir la rechute : Programme en 10 séances /</subfield><subfield code="c">par Caroline Chiron [and four others].</subfield></datafield><datafield ind1=" " ind2=" " tag="246"><subfield code="a">Addictions</subfield></datafield><datafield ind1=" " ind2=" " tag="246"><subfield code="a">Addictions </subfield></datafield><datafield ind1=" " ind2="1" tag="264"><subfield code="a">Louvain-la-Neuve :</subfield><subfield code="b">De Boeck Supérieur,</subfield><subfield code="c">2022.</subfield></datafield><datafield ind1=" " ind2=" " tag="300"><subfield code="a">1 online resource (301 pages) :</subfield><subfield code="b">illustrations.</subfield></datafield><datafield ind1=" " ind2=" " tag="336"><subfield code="a">text</subfield><subfield code="b">txt</subfield><subfield code="2">rdacontent</subfield></datafield><datafield ind1=" " ind2=" " tag="337"><subfield code="a">computer</subfield><subfield code="b">c</subfield><subfield code="2">rdamedia</subfield></datafield><datafield ind1=" " ind2=" " tag="338"><subfield code="a">online resource</subfield><subfield code="b">cr</subfield><subfield code="2">rdacarrier</subfield></datafield><datafield ind1="1" ind2=" " tag="490"><subfield code="a">Carrefour des psychothérapies</subfield></datafield><datafield ind1=" " ind2=" " tag="588"><subfield code="a">Description based on publisher supplied metadata and other sources.</subfield></datafield><datafield ind1=" " ind2=" " tag="520"><subfield code="a">«Les addictions touchent plusieurs centaines de millions de personnes en Europe et constituent donc un problème de santé majeur. S'il est particulièrement complexe d'amener les personnes qui souffrent d'addictions à se soigner, de nombreux enjeux attendent les professionnels qui les accompagnent avec l'objectif d'améliorer leur qualité de vie. En s'appuyant sur les principes théoriques et contextuels de la prévention, ce livre propose aux professionnels des séances individuelles ou en groupe dans lesquelles on retrouve : une base de psychoéducation ; des techniques thérapeutiques ; des vignettes cliniques ; des conseils pour répondre aux difficultés rencontrées en cours de séance. »--Quatrième de couverture.</subfield></datafield><datafield ind1=" " ind2=" " tag="504"><subfield code="a">Includes bibliographical references.</subfield></datafield><datafield ind1=" " ind2="0" tag="650"><subfield code="a">Addicts.</subfield></datafield><datafield ind1=" " ind2="0" tag="650"><subfield code="a">Drug addiction</subfield><subfield code="x">Prevention.</subfield></datafield><datafield ind1=" " ind2="0" tag="650"><subfield code="a">Compulsive behavior.</subfield></datafield><datafield ind1=" " ind2="0" tag="650"><subfield code="a">Dependency (Psychology)</subfield></datafield><datafield ind1=" " ind2="0" tag="650"><subfield code="a">Drug addiction</subfield><subfield code="x">Treatment.</subfield></datafield><datafield ind1=" " ind2=" " tag="776"><subfield code="z">2-8073-3644-2</subfield></datafield><datafield ind1=" " ind2="0" tag="830"><subfield code="a">Carrefour des psychothérapies.</subfield></datafield><datafield ind1=" " ind2=" " tag="906"><subfield code="a">BOOK</subfield></datafield></record>
</metadata></record>