<record><header><identifier>oai:alma.41SLSP_UGE:991000005869705502</identifier><datestamp>2024-09-13T00:16:29Z</datestamp><setSpec>uge_bcen_RapidILL_BOOK</setSpec><setSpec>uge_aaca_RapidILL_BOOK</setSpec><setSpec>uge_abels_RapidILL_BOOK</setSpec><setSpec>uge_dbu_RapidILL_BOOK</setSpec><setSpec>uge_cmu_RapidILL_BOOK</setSpec><setSpec>uge_mail_RapidILL_BOOK</setSpec><setSpec>uge_abbat_RapidILL_BOOK</setSpec><setSpec>UNIGE_ALL</setSpec><setSpec>uge_aobs_RapidILL_BOOK</setSpec><setSpec>uge_acar_RapidILL_BOOK</setSpec></header><metadata>
<record xmlns="http://www.loc.gov/MARC21/slim" xmlns:xsi="http://www.w3.org/2001/XMLSchema-instance" xsi:schemaLocation="http://www.loc.gov/MARC21/slim http://www.loc.gov/standards/marcxml/schema/MARC21slim.xsd"><leader>02381nam a2200541uc 4500</leader><controlfield tag="001">991000005869705502</controlfield><controlfield tag="005">20240912200536.0</controlfield><controlfield tag="008">201011s1995    xxu    |      10| ||eng|d</controlfield><datafield ind1=" " ind2=" " tag="010"><subfield code="a">95006731</subfield></datafield><datafield ind1=" " ind2=" " tag="020"><subfield code="a">0201607344</subfield></datafield><datafield ind1=" " ind2=" " tag="035"><subfield code="a">(swissbib)224892916-41slsp_network</subfield></datafield><datafield ind1=" " ind2=" " tag="035"><subfield code="a">224892916</subfield><subfield code="9">ExL</subfield></datafield><datafield ind1=" " ind2=" " tag="035"><subfield code="a">(NEBIS)001446102EBI01</subfield></datafield><datafield ind1=" " ind2=" " tag="035"><subfield code="a">(IDSBB)001254026DSV01</subfield></datafield><datafield ind1=" " ind2=" " tag="035"><subfield code="a">(RERO)2278502-41slsp</subfield></datafield><datafield ind1=" " ind2=" " tag="035"><subfield code="a">(EXLNZ-41SLSP_NETWORK)991050917919705501</subfield></datafield><datafield ind1=" " ind2=" " tag="040"><subfield code="a">ETH-BIB</subfield><subfield code="b">ger</subfield><subfield code="e">ETHICS-ISBD</subfield><subfield code="d">CH-ZuSLS</subfield></datafield><datafield ind1=" " ind2=" " tag="044"><subfield code="a">xxu</subfield><subfield code="a">xxc</subfield></datafield><datafield ind1=" " ind2="7" tag="072"><subfield code="a">if</subfield><subfield code="2">SzZuIDS BS/BE</subfield></datafield><datafield ind1=" " ind2="7" tag="072"><subfield code="a">in</subfield><subfield code="2">rero</subfield></datafield><datafield ind1="1" ind2="4" tag="082"><subfield code="a">004</subfield><subfield code="2">15</subfield></datafield><datafield ind1=" " ind2=" " tag="084"><subfield code="a">ST 230</subfield><subfield code="2">rvk</subfield></datafield><datafield ind1="0" ind2="0" tag="245"><subfield code="a">Pattern languages of program design</subfield><subfield code="c">ed. by James O. Coplien ... [et al.]</subfield></datafield><datafield ind1="1" ind2=" " tag="246"><subfield code="a">PLoP 1</subfield></datafield><datafield ind1=" " ind2="1" tag="264"><subfield code="a">Reading, Mass.</subfield><subfield code="b">Addison-Wesley</subfield><subfield code="c">1995</subfield></datafield><datafield ind1=" " ind2="4" tag="264"><subfield code="c">© 1995</subfield></datafield><datafield ind1=" " ind2=" " tag="300"><subfield code="a">XII, 562 S.</subfield><subfield code="c">24 cm</subfield><subfield code="b">Ill.</subfield></datafield><datafield ind1=" " ind2=" " tag="336"><subfield code="b">txt</subfield><subfield code="2">rdacontent</subfield></datafield><datafield ind1=" " ind2=" " tag="337"><subfield code="b">n</subfield><subfield code="2">rdamedia</subfield></datafield><datafield ind1=" " ind2=" " tag="338"><subfield code="b">nc</subfield><subfield code="2">rdacarrier</subfield></datafield><datafield ind1=" " ind2=" " tag="500"><subfield code="a">Based on papers presented at the First Annual Conference of Pattern Languages of Programs (PLoP) held near Monticello, Illinois, in August 1994</subfield></datafield><datafield ind1=" " ind2="7" tag="650"><subfield code="a">ENTWICKLUNGSWERKZEUGE + ENTWICKLUNGSTECHNIKEN (SOFTWARE ENGINEERING)</subfield><subfield code="9">ger</subfield><subfield code="0">(ETHUDK)000044671</subfield><subfield code="2">ethudk</subfield></datafield><datafield ind1=" " ind2="7" tag="650"><subfield code="a">OBJEKTORIENTIERTE PROGRAMMIERUNG (PROGRAMMIERMETHODEN)</subfield><subfield code="9">ger</subfield><subfield code="0">(ETHUDK)000039304</subfield><subfield code="2">ethudk</subfield></datafield><datafield ind1=" " ind2="7" tag="650"><subfield code="a">SOFTWAREQUALITÄT (SOFTWARE ENGINEERING)</subfield><subfield code="9">ger</subfield><subfield code="0">(ETHUDK)000050790</subfield><subfield code="2">ethudk</subfield></datafield><datafield ind1=" " ind2="7" tag="650"><subfield code="a">SPEZIFIKATIONEN (SOFTWARE ENGINEERING)</subfield><subfield code="9">ger</subfield><subfield code="0">(ETHUDK)000013698</subfield><subfield code="2">ethudk</subfield></datafield><datafield ind1=" " ind2="7" tag="650"><subfield code="a">THEORIE DER PROGRAMMIERUNG</subfield><subfield code="9">ger</subfield><subfield code="0">(ETHUDK)000013697</subfield><subfield code="2">ethudk</subfield></datafield><datafield ind1=" " ind2="7" tag="650"><subfield code="a">Softwareentwicklung</subfield><subfield code="v">Kongressbericht</subfield><subfield code="2">idsbb</subfield></datafield><datafield ind1=" " ind2="7" tag="650"><subfield code="a">Programmation orientée objets (informatique)</subfield><subfield code="0">(IDREF)029548276</subfield><subfield code="2">idref</subfield></datafield><datafield ind1=" " ind2="7" tag="650"><subfield code="a">Logiciels</subfield><subfield code="0">(IDREF)027241408</subfield><subfield code="2">idref</subfield></datafield><datafield ind1=" " ind2="7" tag="650"><subfield code="a">Développement</subfield><subfield code="0">(IDREF)028646525</subfield><subfield code="2">idref</subfield></datafield><datafield ind1=" " ind2="7" tag="655"><subfield code="a">Konferenzschrift</subfield><subfield code="z">Monticello (IL)</subfield><subfield code="y">1994</subfield><subfield code="2">gnd-content</subfield></datafield><datafield ind1=" " ind2="7" tag="655"><subfield code="a">Konferenzschrift</subfield><subfield code="z">Monticello, Ill.</subfield><subfield code="y">1994</subfield><subfield code="2">gnd-content</subfield></datafield><datafield ind1=" " ind2=" " tag="690"><subfield code="a">D.2</subfield><subfield code="d">SOFTWARE ENGINEERING</subfield><subfield code="2">uzb-UM</subfield></datafield><datafield ind1="1" ind2=" " tag="700"><subfield code="a">Schmidt, Douglas C.</subfield></datafield><datafield ind1="1" ind2=" " tag="700"><subfield code="a">Coplien, James O.</subfield><subfield code="d">19..-....</subfield><subfield code="0">(IDREF)056841191</subfield></datafield><datafield ind1="2" ind2=" " tag="711"><subfield code="a">Annual Conference of Pattern Languages of Programs</subfield><subfield code="0">(DE-588)1091616744</subfield></datafield><datafield ind1="2" ind2=" " tag="711"><subfield code="a">Conference of Pattern Languages of Programs</subfield><subfield code="n">1</subfield><subfield code="d">1994</subfield><subfield code="c">Monticello, Ill.</subfield><subfield code="0">(DE-588)5179215-1</subfield></datafield><datafield ind1=" " ind2=" " tag="830"><subfield code="a">Pattern languages of program design</subfield><subfield code="v">[1]</subfield><subfield code="w">(RERO)2286663-41slsp</subfield></datafield><datafield ind1=" " ind2=" " tag="900"><subfield code="a">REROnoselfmerge</subfield></datafield></record>
</metadata></record>