<record><header><identifier>oai:alma.41SLSP_UGE:991000006179705502</identifier><datestamp>2023-03-01T01:09:06Z</datestamp><setSpec>uge_bcen_RapidILL_BOOK</setSpec><setSpec>uge_aaca_RapidILL_BOOK</setSpec><setSpec>uge_abels_RapidILL_BOOK</setSpec><setSpec>uge_dbu_RapidILL_BOOK</setSpec><setSpec>uge_cmu_RapidILL_BOOK</setSpec><setSpec>uge_mail_RapidILL_BOOK</setSpec><setSpec>UNIGE_ALL</setSpec><setSpec>uge_abbat_RapidILL_BOOK</setSpec><setSpec>uge_aobs_RapidILL_BOOK</setSpec><setSpec>uge_acar_RapidILL_BOOK</setSpec></header><metadata>
<record xmlns="http://www.loc.gov/MARC21/slim" xmlns:xsi="http://www.w3.org/2001/XMLSchema-instance" xsi:schemaLocation="http://www.loc.gov/MARC21/slim http://www.loc.gov/standards/marcxml/schema/MARC21slim.xsd"><leader>01504nam a2200433uc 4500</leader><controlfield tag="001">991000006179705502</controlfield><controlfield tag="005">20201126053046.0</controlfield><controlfield tag="008">201011s1985    xxu    |      00| ||eng|d</controlfield><datafield ind1=" " ind2=" " tag="020"><subfield code="a">0126851905</subfield><subfield code="q">geb.</subfield></datafield><datafield ind1=" " ind2=" " tag="020"><subfield code="a">0126851913</subfield><subfield code="q">brosch.</subfield></datafield><datafield ind1=" " ind2=" " tag="035"><subfield code="a">(swissbib)212324802-41slsp_network</subfield></datafield><datafield ind1=" " ind2=" " tag="035"><subfield code="a">212324802</subfield><subfield code="9">ExL</subfield></datafield><datafield ind1=" " ind2=" " tag="035"><subfield code="a">(NEBIS)001032631EBI01</subfield></datafield><datafield ind1=" " ind2=" " tag="035"><subfield code="a">(RERO)0930168-41slsp</subfield></datafield><datafield ind1=" " ind2=" " tag="035"><subfield code="a">(EXLNZ-41SLSP_NETWORK)991127744429705501</subfield></datafield><datafield ind1=" " ind2=" " tag="040"><subfield code="a">ZBZ</subfield><subfield code="b">ger</subfield><subfield code="e">ETHICS-ISBD</subfield><subfield code="d">CH-ZuSLS</subfield></datafield><datafield ind1=" " ind2="7" tag="072"><subfield code="a">ss</subfield><subfield code="2">rero</subfield></datafield><datafield ind1="0" ind2="0" tag="082"><subfield code="a">304.6/2</subfield><subfield code="2">19</subfield></datafield><datafield ind1="0" ind2="4" tag="082"><subfield code="a">304.66</subfield><subfield code="2">22</subfield></datafield><datafield ind1="0" ind2="4" tag="082"><subfield code="a">301.32</subfield><subfield code="b">T265f</subfield></datafield><datafield ind1="1" ind2=" " tag="100"><subfield code="a">Teitelbaum, Michael S.</subfield><subfield code="d">1944-</subfield><subfield code="0">(DE-588)170142590</subfield><subfield code="6">880-01</subfield></datafield><datafield ind1="1" ind2=" " tag="880"><subfield code="6">100-01</subfield><subfield code="a">Teitelbaum, Michael S</subfield><subfield code="c">démographe</subfield><subfield code="d">1944-....</subfield><subfield code="0">(IDREF)050630482</subfield><subfield code="4">cre</subfield></datafield><datafield ind1="1" ind2="0" tag="245"><subfield code="a">&lt;&lt;The&gt;&gt; fear of population decline</subfield><subfield code="c">Michael S. Teitelbaum, Jay M. Winter</subfield></datafield><datafield ind1=" " ind2="1" tag="264"><subfield code="a">Orlando, Fla. [etc.]</subfield><subfield code="b">Academic Press</subfield><subfield code="c">1985</subfield></datafield><datafield ind1=" " ind2="4" tag="264"><subfield code="c">© 1985</subfield></datafield><datafield ind1=" " ind2=" " tag="300"><subfield code="a">XII, 201 p.</subfield><subfield code="b">ill.</subfield><subfield code="c">23 cm</subfield></datafield><datafield ind1=" " ind2=" " tag="336"><subfield code="b">txt</subfield><subfield code="2">rdacontent</subfield></datafield><datafield ind1=" " ind2=" " tag="337"><subfield code="b">n</subfield><subfield code="2">rdamedia</subfield></datafield><datafield ind1=" " ind2=" " tag="338"><subfield code="b">nc</subfield><subfield code="2">rdacarrier</subfield></datafield><datafield ind1=" " ind2=" " tag="504"><subfield code="a">Literaturverzeichnis: S. 179-188</subfield></datafield><datafield ind1=" " ind2="7" tag="650"><subfield code="a">Bevölkerungspolitik</subfield><subfield code="0">(DE-588)4006295-8</subfield><subfield code="2">gnd</subfield></datafield><datafield ind1=" " ind2="7" tag="650"><subfield code="a">Bevölkerungsrückgang</subfield><subfield code="0">(DE-588)4194892-0</subfield><subfield code="2">gnd</subfield></datafield><datafield ind1=" " ind2="0" tag="650"><subfield code="a">Fertility, Human</subfield></datafield><datafield ind1=" " ind2="0" tag="650"><subfield code="a">Population</subfield></datafield><datafield ind1=" " ind2="0" tag="650"><subfield code="a">Population policy</subfield></datafield><datafield ind1=" " ind2="7" tag="650"><subfield code="a">population - diminution</subfield><subfield code="0">(RERO)A009982562</subfield><subfield code="2">rerovoc</subfield></datafield><datafield ind1=" " ind2=" " tag="690"><subfield code="a">Geburtenrückgang</subfield><subfield code="2">uzb-Z9</subfield></datafield><datafield ind1="1" ind2=" " tag="700"><subfield code="a">Winter, Jay Murray</subfield><subfield code="d">1945-....</subfield><subfield code="0">(IDREF)028349717</subfield></datafield><datafield ind1="1" ind2=" " tag="700"><subfield code="a">Winter, Jay</subfield><subfield code="d">1945-</subfield><subfield code="0">(DE-588)121267946</subfield></datafield><datafield ind1=" " ind2=" " tag="900"><subfield code="a">REROnoselfmerge</subfield></datafield></record>
</metadata></record>