<record><header><identifier>oai:alma.41SLSP_UGE:991000005579705502</identifier><datestamp>2023-03-01T01:09:06Z</datestamp><setSpec>uge_bcen_RapidILL_BOOK</setSpec><setSpec>uge_aaca_RapidILL_BOOK</setSpec><setSpec>uge_abels_RapidILL_BOOK</setSpec><setSpec>uge_dbu_RapidILL_BOOK</setSpec><setSpec>uge_cmu_RapidILL_BOOK</setSpec><setSpec>uge_mail_RapidILL_BOOK</setSpec><setSpec>UNIGE_ALL</setSpec><setSpec>uge_abbat_RapidILL_BOOK</setSpec><setSpec>uge_acar_RapidILL_BOOK</setSpec><setSpec>uge_aobs_RapidILL_BOOK</setSpec></header><metadata>
<record xmlns="http://www.loc.gov/MARC21/slim" xmlns:xsi="http://www.w3.org/2001/XMLSchema-instance" xsi:schemaLocation="http://www.loc.gov/MARC21/slim http://www.loc.gov/standards/marcxml/schema/MARC21slim.xsd"><leader>02332nam a2200529 c 4500</leader><controlfield tag="001">991000005579705502</controlfield><controlfield tag="005">20230116181828.0</controlfield><controlfield tag="008">201011s1991    fr            10| | fre  </controlfield><datafield ind1=" " ind2=" " tag="020"><subfield code="a">2246458617</subfield></datafield><datafield ind1="7" ind2=" " tag="024"><subfield code="a">http://catalogue.bnf.fr/ark:/12148/cb35770781g</subfield><subfield code="2">uri</subfield></datafield><datafield ind1=" " ind2=" " tag="035"><subfield code="a">(swissbib)218176988-41slsp_network</subfield></datafield><datafield ind1=" " ind2=" " tag="035"><subfield code="a">218176988</subfield><subfield code="9">ExL</subfield></datafield><datafield ind1=" " ind2=" " tag="035"><subfield code="a">(IDSBB)004574004DSV01</subfield></datafield><datafield ind1=" " ind2=" " tag="035"><subfield code="a">(NEBIS)001554152EBI01</subfield></datafield><datafield ind1=" " ind2=" " tag="035"><subfield code="a">(RERO)1507027-41slsp</subfield></datafield><datafield ind1=" " ind2=" " tag="035"><subfield code="a">(EXLNZ-41SLSP_NETWORK)991065438819705501</subfield></datafield><datafield ind1=" " ind2=" " tag="040"><subfield code="a">SzZuIDS BS/BE A242</subfield><subfield code="e">kids</subfield><subfield code="d">CH-ZuSLS</subfield></datafield><datafield ind1=" " ind2="7" tag="072"><subfield code="a">fr</subfield><subfield code="2">rero</subfield></datafield><datafield ind1="1" ind2="4" tag="082"><subfield code="a">840.912</subfield><subfield code="2">9a</subfield></datafield><datafield ind1="0" ind2="0" tag="245"><subfield code="a">Jean Giraudoux et la problématique de genres</subfield><subfield code="c">actes du colloque de Tours 1990</subfield></datafield><datafield ind1=" " ind2="1" tag="264"><subfield code="a">Paris</subfield><subfield code="b">Bernard Grasset</subfield><subfield code="c">1991</subfield></datafield><datafield ind1=" " ind2=" " tag="300"><subfield code="a">352 p.</subfield><subfield code="c">21 cm</subfield></datafield><datafield ind1=" " ind2=" " tag="336"><subfield code="b">txt</subfield><subfield code="2">rdacontent</subfield></datafield><datafield ind1=" " ind2=" " tag="337"><subfield code="b">n</subfield><subfield code="2">rdamedia</subfield></datafield><datafield ind1=" " ind2=" " tag="338"><subfield code="b">nc</subfield><subfield code="2">rdacarrier</subfield></datafield><datafield ind1="1" ind2=" " tag="490"><subfield code="a">Cahiers Jean Giraudoux</subfield><subfield code="v">20</subfield></datafield><datafield ind1=" " ind2=" " tag="500"><subfield code="a">Premier colloque de la société internationale des études Giralduciennes (S.I.E.G.) 14-16 novembre 1990</subfield></datafield><datafield ind1=" " ind2=" " tag="500"><subfield code="a">Anlassname: Premier Colloque de la Société Internationale des Etudes Giralduciennes</subfield></datafield><datafield ind1=" " ind2=" " tag="504"><subfield code="a">Literaturverz.</subfield></datafield><datafield ind1="1" ind2="7" tag="600"><subfield code="a">Giraudoux, Jean</subfield><subfield code="2">idszbz</subfield></datafield><datafield ind1="1" ind2="7" tag="600"><subfield code="a">Giraudoux, Jean</subfield><subfield code="d">1882-1944</subfield><subfield code="0">(DE-588)118539523</subfield><subfield code="2">gnd</subfield></datafield><datafield ind1="1" ind2="0" tag="600"><subfield code="a">Giraudoux, Jean</subfield><subfield code="d">1882-1944</subfield></datafield><datafield ind1="1" ind2="0" tag="600"><subfield code="a">Giraudoux, Jean</subfield><subfield code="d">1882-1944</subfield><subfield code="x">Criticism and interpretation</subfield></datafield><datafield ind1="1" ind2="7" tag="600"><subfield code="a">Giraudoux, Jean</subfield><subfield code="d">1882-1944</subfield><subfield code="0">(IDREF)026893177</subfield><subfield code="2">idref</subfield></datafield><datafield ind1=" " ind2="7" tag="650"><subfield code="a">Literaturgattung</subfield><subfield code="2">idszbz</subfield></datafield><datafield ind1=" " ind2="7" tag="650"><subfield code="a">Literaturgattung</subfield><subfield code="0">(DE-588)4074285-4</subfield><subfield code="2">gnd</subfield></datafield><datafield ind1=" " ind2="7" tag="655"><subfield code="a">Konferenzschrift</subfield><subfield code="z">Tours</subfield><subfield code="y">1990</subfield><subfield code="2">gnd-content</subfield></datafield><datafield ind1=" " ind2="7" tag="655"><subfield code="a">Aufsatzsammlung</subfield><subfield code="2">idszbz</subfield></datafield><datafield ind1=" " ind2="7" tag="655"><subfield code="a">Konferenzschrift</subfield><subfield code="z">Tours</subfield><subfield code="y">1990/11</subfield><subfield code="2">gnd-content</subfield></datafield><datafield ind1=" " ind2="7" tag="655"><subfield code="a">Actes de congrès</subfield><subfield code="0">(IDREF)02886431X</subfield><subfield code="2">idref</subfield></datafield><datafield ind1="2" ind2=" " tag="710"><subfield code="a">Société Internationale des Études Giralduciennes</subfield><subfield code="0">(DE-588)5164266-9</subfield><subfield code="6">880-02</subfield></datafield><datafield ind1="2" ind2=" " tag="880"><subfield code="6">710-02</subfield><subfield code="a">Société internationale des études giralduciennes</subfield><subfield code="0">(IDREF)035150300</subfield></datafield><datafield ind1="2" ind2=" " tag="711"><subfield code="a">Colloque de la Société Internationale des Etudes Giralduciennes</subfield><subfield code="n">1</subfield><subfield code="d">1990</subfield><subfield code="c">Tours</subfield><subfield code="0">(DE-588)1091465312</subfield></datafield><datafield ind1="0" ind2=" " tag="730"><subfield code="a">Giraudoux et la problématique des genres</subfield></datafield><datafield ind1=" " ind2=" " tag="830"><subfield code="a">Cahiers Jean Giraudoux</subfield><subfield code="v">20</subfield><subfield code="w">(IDSBB)003484923DSV01</subfield></datafield><datafield ind1=" " ind2=" " tag="830"><subfield code="a">Cahiers Jean Giraudoux</subfield><subfield code="v">20</subfield><subfield code="w">(NEBIS)000987511EBI01</subfield></datafield><datafield ind1=" " ind2=" " tag="830"><subfield code="a">Cahiers Jean Giraudoux</subfield><subfield code="v">20</subfield><subfield code="w">(RERO)0590017-41slsp</subfield></datafield><datafield ind1=" " ind2=" " tag="900"><subfield code="a">REROnoselfmerge</subfield></datafield></record>
</metadata></record>