<record><header><identifier>oai:alma.41SLSP_UGE:991000005369705502</identifier><datestamp>2023-03-01T01:09:06Z</datestamp><setSpec>uge_bcen_RapidILL_BOOK</setSpec><setSpec>uge_aaca_RapidILL_BOOK</setSpec><setSpec>uge_abels_RapidILL_BOOK</setSpec><setSpec>uge_dbu_RapidILL_BOOK</setSpec><setSpec>uge_cmu_RapidILL_BOOK</setSpec><setSpec>uge_mail_RapidILL_BOOK</setSpec><setSpec>UNIGE_ALL</setSpec><setSpec>uge_abbat_RapidILL_BOOK</setSpec><setSpec>uge_aobs_RapidILL_BOOK</setSpec><setSpec>uge_acar_RapidILL_BOOK</setSpec></header><metadata>
<record xmlns="http://www.loc.gov/MARC21/slim" xmlns:xsi="http://www.w3.org/2001/XMLSchema-instance" xsi:schemaLocation="http://www.loc.gov/MARC21/slim http://www.loc.gov/standards/marcxml/schema/MARC21slim.xsd"><leader>01199nam a2200253 c 4500</leader><controlfield tag="001">991000005369705502</controlfield><controlfield tag="005">20201222225550.0</controlfield><controlfield tag="008">110405s1980    le ||||| |||| 00| ||ara d</controlfield><datafield ind1=" " ind2=" " tag="035"><subfield code="a">(swissbib)113313195-41slsp_network</subfield></datafield><datafield ind1=" " ind2=" " tag="035"><subfield code="a">113313195</subfield><subfield code="9">ExL</subfield></datafield><datafield ind1=" " ind2=" " tag="035"><subfield code="a">(RERO)R005982817-41slsp</subfield></datafield><datafield ind1=" " ind2=" " tag="035"><subfield code="a">(EXLNZ-41SLSP_NETWORK)991112584179705501</subfield></datafield><datafield ind1=" " ind2=" " tag="040"><subfield code="a">RERO geular</subfield><subfield code="d">CH-ZuSLS</subfield></datafield><datafield ind1=" " ind2="7" tag="072"><subfield code="a">sm</subfield><subfield code="2">rero</subfield></datafield><datafield ind1="1" ind2=" " tag="100"><subfield code="6">880-01</subfield><subfield code="a">Kabbani, Nizar</subfield><subfield code="d">1923-1998</subfield><subfield code="0">(IDREF)029583209</subfield><subfield code="4">cre</subfield></datafield><datafield ind1="1" ind2=" " tag="880"><subfield code="6">100-01/(3/r</subfield><subfield code="a">قباني، نزار</subfield></datafield><datafield ind1="1" ind2="0" tag="245"><subfield code="6">880-02</subfield><subfield code="a">Fatḥ</subfield><subfield code="b">shiʿr</subfield><subfield code="c">Nizār Qabbānī</subfield></datafield><datafield ind1="1" ind2="0" tag="880"><subfield code="6">245-02/(3/r</subfield><subfield code="a">فتح</subfield><subfield code="b">شعر</subfield><subfield code="c">نزار قباني</subfield></datafield><datafield ind1=" " ind2="1" tag="264"><subfield code="6">880-03</subfield><subfield code="a">Bayrūt</subfield><subfield code="b">Manšūrāt Nizār Qabbānī</subfield><subfield code="c">[ca 1980]</subfield></datafield><datafield ind1=" " ind2="1" tag="880"><subfield code="6">264-03/(3/r</subfield><subfield code="a">بيروت</subfield><subfield code="b">منشورات نزار قباني</subfield><subfield code="c">[ca 1980]</subfield></datafield><datafield ind1=" " ind2=" " tag="300"><subfield code="a">21 p.</subfield><subfield code="c">17 cm</subfield></datafield><datafield ind1=" " ind2=" " tag="336"><subfield code="b">txt</subfield><subfield code="2">rdacontent</subfield></datafield><datafield ind1=" " ind2=" " tag="337"><subfield code="b">n</subfield><subfield code="2">rdamedia</subfield></datafield><datafield ind1=" " ind2=" " tag="338"><subfield code="b">nc</subfield><subfield code="2">rdacarrier</subfield></datafield><datafield ind1=" " ind2=" " tag="900"><subfield code="a">REROnoselfmerge</subfield></datafield></record>
</metadata></record>