<record><header><identifier>oai:alma.41SLSP_UGE:991011969422105502</identifier><datestamp>2024-04-29T00:13:00Z</datestamp><setSpec>UNIGE_ALL</setSpec></header><metadata>
<record xmlns="http://www.loc.gov/MARC21/slim" xmlns:xsi="http://www.w3.org/2001/XMLSchema-instance" xsi:schemaLocation="http://www.loc.gov/MARC21/slim http://www.loc.gov/standards/marcxml/schema/MARC21slim.xsd"><leader>01913nam a2200361 i 4500</leader><controlfield tag="001">991011969422105502</controlfield><controlfield tag="005">20240425135831.0</controlfield><controlfield tag="006">m     o  d        </controlfield><controlfield tag="007">cr#|||||||||||</controlfield><controlfield tag="008">230906s2022    fr      o     000 0 fre d</controlfield><datafield ind1=" " ind2=" " tag="020"><subfield code="a">2-7154-1285-1</subfield></datafield><datafield ind1=" " ind2=" " tag="035"><subfield code="a">(PPN)275575756</subfield></datafield><datafield ind1=" " ind2=" " tag="035"><subfield code="a">(CKB)5690000000114512</subfield></datafield><datafield ind1=" " ind2=" " tag="035"><subfield code="a">(NjHacI)995690000000114512</subfield></datafield><datafield ind1=" " ind2=" " tag="035"><subfield code="a">(EXLCZ)995690000000114512</subfield></datafield><datafield ind1=" " ind2=" " tag="040"><subfield code="a">NjHacI</subfield><subfield code="b">eng</subfield><subfield code="e">rda</subfield><subfield code="c">NjHacl</subfield></datafield><datafield ind1=" " ind2="4" tag="050"><subfield code="a">JF1351</subfield><subfield code="b">.D443 2022</subfield></datafield><datafield ind1="0" ind2="4" tag="082"><subfield code="a">350</subfield><subfield code="2">23</subfield></datafield><datafield ind1="1" ind2=" " tag="100"><subfield code="a">Defarges, Philippe Moreau,</subfield><subfield code="e">author.</subfield></datafield><datafield ind1="1" ind2="0" tag="245"><subfield code="a">Gouvernance /</subfield><subfield code="c">Philippe Moreau Defarges.</subfield></datafield><datafield ind1=" " ind2=" " tag="250"><subfield code="a">Sixième édition.</subfield></datafield><datafield ind1=" " ind2="1" tag="264"><subfield code="a">Paris :</subfield><subfield code="b">Presses Universitaires de France,</subfield><subfield code="c">[2022]</subfield></datafield><datafield ind1=" " ind2="4" tag="264"><subfield code="c">©2022</subfield></datafield><datafield ind1=" " ind2=" " tag="300"><subfield code="a">1 online resource (126 pages).</subfield></datafield><datafield ind1=" " ind2=" " tag="336"><subfield code="a">text</subfield><subfield code="b">txt</subfield><subfield code="2">rdacontent</subfield></datafield><datafield ind1=" " ind2=" " tag="337"><subfield code="a">computer</subfield><subfield code="b">c</subfield><subfield code="2">rdamedia</subfield></datafield><datafield ind1=" " ind2=" " tag="338"><subfield code="a">online resource</subfield><subfield code="b">cr</subfield><subfield code="2">rdacarrier</subfield></datafield><datafield ind1="1" ind2=" " tag="490"><subfield code="a">Que sais-je?</subfield></datafield><datafield ind1=" " ind2=" " tag="588"><subfield code="a">Description based on print version record.</subfield></datafield><datafield ind1=" " ind2=" " tag="520"><subfield code="a">&quot;Que l'on parle de management d'entreprise, de relations internationales ou encore de politique intérieure, le terme de « gouvernance » est devenu omniprésent. Cette notion, qui s'épanouit depuis les années 1990, semble marquer la victoire de la technique, de la gestion sur le politique, le gouvernement. Son bon fonctionnement requiert des conditions très précises : abondance matérielle, ralliement des acteurs sociaux à des règles du jeu intériorisées. Cet ouvrage explique la notion de gouvernance, expression de la quête des sociétés riches et démocratiques d'une politique dépolitisée. Il en expose les applications et en interroge les limites.&quot;--Quatrième de couverture.</subfield></datafield><datafield ind1=" " ind2="0" tag="650"><subfield code="a">Public administration.</subfield></datafield><datafield ind1=" " ind2=" " tag="776"><subfield code="z">2-7154-1284-3</subfield></datafield><datafield ind1=" " ind2="0" tag="830"><subfield code="a">Que sais-je?</subfield></datafield><datafield ind1=" " ind2=" " tag="906"><subfield code="a">BOOK</subfield></datafield></record>
</metadata></record>