<record><header><identifier>oai:alma.41SLSP_UGE:991011969420205502</identifier><datestamp>2024-06-10T00:08:38Z</datestamp><setSpec>UNIGE_ALL</setSpec></header><metadata>
<record xmlns="http://www.loc.gov/MARC21/slim" xmlns:xsi="http://www.w3.org/2001/XMLSchema-instance" xsi:schemaLocation="http://www.loc.gov/MARC21/slim http://www.loc.gov/standards/marcxml/schema/MARC21slim.xsd"><leader>02078nam a2200301 i 4500</leader><controlfield tag="001">991011969420205502</controlfield><controlfield tag="005">20230928200639.0</controlfield><controlfield tag="006">m     o  d        </controlfield><controlfield tag="007">cr |||||||||||</controlfield><controlfield tag="008">230928s2022    fr      o     000 0 fre d</controlfield><datafield ind1=" " ind2=" " tag="020"><subfield code="a">2-37687-701-6</subfield></datafield><datafield ind1=" " ind2=" " tag="035"><subfield code="a">(CKB)5590000001027262</subfield></datafield><datafield ind1=" " ind2=" " tag="035"><subfield code="a">(NjHacI)995590000001027262</subfield></datafield><datafield ind1=" " ind2=" " tag="035"><subfield code="a">(PPN)267775946</subfield></datafield><datafield ind1=" " ind2=" " tag="035"><subfield code="a">(FR-PaCSA)88939720</subfield></datafield><datafield ind1=" " ind2=" " tag="035"><subfield code="a">(EXLCZ)995590000001027262</subfield></datafield><datafield ind1=" " ind2=" " tag="040"><subfield code="a">NjHacI</subfield><subfield code="b">eng</subfield><subfield code="e">rda</subfield><subfield code="c">NjHacl</subfield></datafield><datafield ind1=" " ind2="4" tag="050"><subfield code="a">TP362</subfield><subfield code="b">.F756 2022</subfield></datafield><datafield ind1="0" ind2="4" tag="082"><subfield code="a">629.256</subfield><subfield code="2">23</subfield></datafield><datafield ind1="1" ind2=" " tag="100"><subfield code="a">Frimousse, Soufyane,</subfield><subfield code="e">author.</subfield></datafield><datafield ind1="1" ind2="0" tag="245"><subfield code="a">Guide de l'antifragilité :</subfield><subfield code="b">Domptez l'imprévisible et l'incertain /</subfield><subfield code="c">Soufyane Frimousse.</subfield></datafield><datafield ind1=" " ind2=" " tag="246"><subfield code="a">Guide de l'antifragilité </subfield></datafield><datafield ind1=" " ind2="1" tag="264"><subfield code="a">Caen :</subfield><subfield code="b">EMS Editions - IN QUARTO SARL,</subfield><subfield code="c">2022.</subfield></datafield><datafield ind1=" " ind2=" " tag="300"><subfield code="a">1 online resource (168 pages)</subfield></datafield><datafield ind1=" " ind2=" " tag="336"><subfield code="a">text</subfield><subfield code="b">txt</subfield><subfield code="2">rdacontent</subfield></datafield><datafield ind1=" " ind2=" " tag="337"><subfield code="a">computer</subfield><subfield code="b">c</subfield><subfield code="2">rdamedia</subfield></datafield><datafield ind1=" " ind2=" " tag="338"><subfield code="a">online resource</subfield><subfield code="b">cr</subfield><subfield code="2">rdacarrier</subfield></datafield><datafield ind1=" " ind2=" " tag="588"><subfield code="a">Description based on publisher supplied metadata and other sources.</subfield></datafield><datafield ind1=" " ind2=" " tag="520"><subfield code="a">Les cygnes noirs, ces événements imprévisibles, irréguliers et aux conséquences inimaginables, se multiplient et invitent à vivre la complexité. Face à ces phénomènes, la plupart des dispositifs managériaux et les réponses émergentes ne font qu'étendre le règne de l'incertitude. Il convient donc de prendre des mesures innovantes pour réduire leur impact : c'est ici que l'antifragilité prend tout son sens.En effet, l'antifragile tire profit de l'imprévu et des incertitudes, pour aller au-delà du retour à l'initial, adoptant une stratégie d'équilibre adaptée aux perturbations et évolutions rapides.Ce guide présente les conditions de l'expression et du développement de l'antifragilité dans et pour des organisations de toute nature et tout secteur.Cet ouvrage propose donc un concept et une démarche permettant de dépasser la résilience tout en évoluant dans des environnements complexes et incertains. Il repose sur des illustrations et des applications concrètes grâce aux regards croisés entre chercheurs et acteurs de terrain.</subfield></datafield><datafield ind1=" " ind2="0" tag="650"><subfield code="a">Antifreeze solutions.</subfield></datafield><datafield ind1=" " ind2=" " tag="776"><subfield code="z">2-37687-702-4</subfield></datafield><datafield ind1=" " ind2=" " tag="906"><subfield code="a">BOOK</subfield></datafield></record>
</metadata></record>