<record><header><identifier>oai:alma.41SLSP_UGE:991000005259705502</identifier><datestamp>2023-03-01T01:09:06Z</datestamp><setSpec>uge_bcen_RapidILL_BOOK</setSpec><setSpec>uge_aaca_RapidILL_BOOK</setSpec><setSpec>uge_abels_RapidILL_BOOK</setSpec><setSpec>uge_dbu_RapidILL_BOOK</setSpec><setSpec>uge_cmu_RapidILL_BOOK</setSpec><setSpec>uge_mail_RapidILL_BOOK</setSpec><setSpec>UNIGE_ALL</setSpec><setSpec>uge_abbat_RapidILL_BOOK</setSpec><setSpec>uge_aobs_RapidILL_BOOK</setSpec><setSpec>uge_acar_RapidILL_BOOK</setSpec></header><metadata>
<record xmlns="http://www.loc.gov/MARC21/slim" xmlns:xsi="http://www.w3.org/2001/XMLSchema-instance" xsi:schemaLocation="http://www.loc.gov/MARC21/slim http://www.loc.gov/standards/marcxml/schema/MARC21slim.xsd"><leader>01163naa a2200289 c 4500</leader><controlfield tag="001">991000005259705502</controlfield><controlfield tag="005">20211017205507.0</controlfield><controlfield tag="008">030417s2002    it ||||| |||| 00| ||ita d</controlfield><datafield ind1=" " ind2=" " tag="035"><subfield code="a">(swissbib)098890042-41slsp_network</subfield></datafield><datafield ind1=" " ind2=" " tag="035"><subfield code="a">098890042</subfield><subfield code="9">ExL</subfield></datafield><datafield ind1=" " ind2=" " tag="035"><subfield code="a">(RERO)R003345633-41slsp</subfield></datafield><datafield ind1=" " ind2=" " tag="035"><subfield code="a">(EXLNZ-41SLSP_NETWORK)991104506459705501</subfield></datafield><datafield ind1=" " ind2=" " tag="040"><subfield code="a">RERO geulit</subfield><subfield code="d">CH-ZuSLS</subfield></datafield><datafield ind1="1" ind2=" " tag="041"><subfield code="a">ita</subfield><subfield code="h">lat</subfield></datafield><datafield ind1=" " ind2="7" tag="072"><subfield code="a">it</subfield><subfield code="2">rero</subfield></datafield><datafield ind1="1" ind2=" " tag="100"><subfield code="a">Gelli, Giambattista</subfield><subfield code="d">1498-1563</subfield><subfield code="0">(IDREF)032340672</subfield><subfield code="4">cre</subfield></datafield><datafield ind1="1" ind2="0" tag="245"><subfield code="a">De' moti o movimenti de gli animali</subfield><subfield code="c">Giovan Battista Gelli ; a cura di Teresa Porcella</subfield></datafield><datafield ind1=" " ind2=" " tag="336"><subfield code="b">txt</subfield><subfield code="2">rdacontent</subfield></datafield><datafield ind1=" " ind2=" " tag="337"><subfield code="b">n</subfield><subfield code="2">rdamedia</subfield></datafield><datafield ind1=" " ind2=" " tag="338"><subfield code="b">nc</subfield><subfield code="2">rdacarrier</subfield></datafield><datafield ind1=" " ind2=" " tag="500"><subfield code="a">Codice miscellaneo 'Magl. VIII 49' della Biblioteca nazionale centrale di Firenze</subfield></datafield><datafield ind1=" " ind2=" " tag="500"><subfield code="a">Volgarizzamento del 'De motu animalium' di Aristotele</subfield></datafield><datafield ind1=" " ind2=" " tag="580"><subfield code="a">In: Letteratura italiana antica. - Anno 4 (2003), p. 315-335</subfield></datafield><datafield ind1="1" ind2=" " tag="700"><subfield code="a">Porcella, Teresa</subfield><subfield code="d">1965-....</subfield><subfield code="0">(IDREF)25158898X</subfield></datafield><datafield ind1="0" ind2="2" tag="700"><subfield code="a">Aristoteles</subfield><subfield code="d">384-322 av. J.-C</subfield><subfield code="t">De animalium motu</subfield></datafield><datafield ind1="0" ind2=" " tag="700"><subfield code="a">Aristoteles</subfield><subfield code="d">384-322 av. J.-C</subfield></datafield><datafield ind1="0" ind2=" " tag="773"><subfield code="t">Letteratura italiana antica : rivista annuale di testi e studi</subfield><subfield code="g">4/315</subfield><subfield code="w">(RERO)R003043922-41slsp</subfield></datafield><datafield ind1=" " ind2=" " tag="900"><subfield code="a">REROnoselfmerge</subfield></datafield></record>
</metadata></record>