<record><header><identifier>oai:alma.41SLSP_UGE:991000005779705502</identifier><datestamp>2023-03-01T01:09:06Z</datestamp><setSpec>uge_bcen_RapidILL_BOOK</setSpec><setSpec>uge_aaca_RapidILL_BOOK</setSpec><setSpec>uge_abels_RapidILL_BOOK</setSpec><setSpec>uge_dbu_RapidILL_BOOK</setSpec><setSpec>uge_cmu_RapidILL_BOOK</setSpec><setSpec>uge_mail_RapidILL_BOOK</setSpec><setSpec>UNIGE_ALL</setSpec><setSpec>uge_abbat_RapidILL_BOOK</setSpec><setSpec>uge_aobs_RapidILL_BOOK</setSpec><setSpec>uge_acar_RapidILL_BOOK</setSpec></header><metadata>
<record xmlns="http://www.loc.gov/MARC21/slim" xmlns:xsi="http://www.w3.org/2001/XMLSchema-instance" xsi:schemaLocation="http://www.loc.gov/MARC21/slim http://www.loc.gov/standards/marcxml/schema/MARC21slim.xsd"><leader>01016nam a2200337 c 4500</leader><controlfield tag="001">991000005779705502</controlfield><controlfield tag="005">20201126054610.0</controlfield><controlfield tag="008">201008s1884    fr ||||| m||| 00| ||fre d</controlfield><datafield ind1=" " ind2=" " tag="035"><subfield code="a">(swissbib)106101021-41slsp_network</subfield></datafield><datafield ind1=" " ind2=" " tag="035"><subfield code="a">106101021</subfield><subfield code="9">ExL</subfield></datafield><datafield ind1=" " ind2=" " tag="035"><subfield code="a">(RERO)R004598479-41slsp</subfield></datafield><datafield ind1=" " ind2=" " tag="035"><subfield code="a">(EXLNZ-41SLSP_NETWORK)991143126429705501</subfield></datafield><datafield ind1=" " ind2=" " tag="040"><subfield code="a">SZ-GeWHO</subfield><subfield code="d">CH-ZuSLS</subfield></datafield><datafield ind1=" " ind2="4" tag="060"><subfield code="a">WC 530</subfield></datafield><datafield ind1=" " ind2="7" tag="072"><subfield code="a">me</subfield><subfield code="2">rero</subfield></datafield><datafield ind1="1" ind2=" " tag="100"><subfield code="a">Gouy, Edmond</subfield><subfield code="0">(RERO)A013726203</subfield><subfield code="4">cre</subfield></datafield><datafield ind1="1" ind2="0" tag="245"><subfield code="a">Histoire de la fièvre jaune au Brésil</subfield><subfield code="c">par Edmond Gouy</subfield></datafield><datafield ind1=" " ind2="1" tag="264"><subfield code="a">Paris</subfield><subfield code="b">Alphonse Derenne</subfield><subfield code="c">1884</subfield></datafield><datafield ind1=" " ind2=" " tag="300"><subfield code="a">107 p</subfield></datafield><datafield ind1=" " ind2=" " tag="336"><subfield code="b">txt</subfield><subfield code="2">rdacontent</subfield></datafield><datafield ind1=" " ind2=" " tag="337"><subfield code="b">n</subfield><subfield code="2">rdamedia</subfield></datafield><datafield ind1=" " ind2=" " tag="338"><subfield code="b">nc</subfield><subfield code="2">rdacarrier</subfield></datafield><datafield ind1=" " ind2=" " tag="500"><subfield code="a">Without thesis statement</subfield></datafield><datafield ind1=" " ind2=" " tag="502"><subfield code="a">Thesis (doctoral) - Faculté de médecine de Paris, 1884</subfield></datafield><datafield ind1=" " ind2="2" tag="650"><subfield code="a">Disease Outbreaks</subfield><subfield code="x">history</subfield></datafield><datafield ind1=" " ind2="2" tag="650"><subfield code="a">Rare Books</subfield></datafield><datafield ind1=" " ind2="2" tag="650"><subfield code="a">Yellow Fever</subfield><subfield code="x">epidemiology</subfield></datafield><datafield ind1=" " ind2="2" tag="650"><subfield code="a">Yellow Fever</subfield><subfield code="x">history</subfield></datafield><datafield ind1=" " ind2="2" tag="651"><subfield code="a">Brazil</subfield></datafield><datafield ind1=" " ind2="2" tag="651"><subfield code="a">South America</subfield></datafield><datafield ind1=" " ind2="2" tag="655"><subfield code="a">Academic Dissertation</subfield></datafield><datafield ind1=" " ind2=" " tag="900"><subfield code="a">REROnoselfmerge</subfield></datafield><datafield ind1=" " ind2=" " tag="990"><subfield code="a">donomshim</subfield><subfield code="9">LOCAL</subfield></datafield></record>
</metadata></record>