<record><header><identifier>oai:alma.41SLSP_UGE:991011969422305502</identifier><datestamp>2024-04-29T00:13:00Z</datestamp><setSpec>UNIGE_ALL</setSpec></header><metadata>
<record xmlns="http://www.loc.gov/MARC21/slim" xmlns:xsi="http://www.w3.org/2001/XMLSchema-instance" xsi:schemaLocation="http://www.loc.gov/MARC21/slim http://www.loc.gov/standards/marcxml/schema/MARC21slim.xsd"><leader>02127nam a2200373 i 4500</leader><controlfield tag="001">991011969422305502</controlfield><controlfield tag="005">20240425151354.0</controlfield><controlfield tag="006">m     o  d        </controlfield><controlfield tag="007">cr#|||||||||||</controlfield><controlfield tag="008">230907s2022    fr      o     000 0 fre d</controlfield><datafield ind1=" " ind2=" " tag="020"><subfield code="a">2-7154-1309-2</subfield></datafield><datafield ind1=" " ind2=" " tag="035"><subfield code="a">(PPN)275575810</subfield></datafield><datafield ind1=" " ind2=" " tag="035"><subfield code="a">(CKB)5690000000114513</subfield></datafield><datafield ind1=" " ind2=" " tag="035"><subfield code="a">(NjHacI)995690000000114513</subfield></datafield><datafield ind1=" " ind2=" " tag="035"><subfield code="a">(EXLCZ)995690000000114513</subfield></datafield><datafield ind1=" " ind2=" " tag="040"><subfield code="a">NjHacI</subfield><subfield code="b">eng</subfield><subfield code="e">rda</subfield><subfield code="c">NjHacl</subfield></datafield><datafield ind1=" " ind2="4" tag="050"><subfield code="a">RC382</subfield><subfield code="b">.H387 2022</subfield></datafield><datafield ind1="0" ind2="4" tag="082"><subfield code="a">616.833</subfield><subfield code="2">23</subfield></datafield><datafield ind1="1" ind2=" " tag="100"><subfield code="a">Hausser-Hauw, Chantal,</subfield><subfield code="e">author.</subfield></datafield><datafield ind1="1" ind2="3" tag="245"><subfield code="a">La Maladie de Parkinson /</subfield><subfield code="c">Chantal Hausser-Hauw, Didier Robiliard.</subfield></datafield><datafield ind1=" " ind2=" " tag="250"><subfield code="a">Second edition.</subfield></datafield><datafield ind1=" " ind2="1" tag="264"><subfield code="a">Paris :</subfield><subfield code="b">Presses Universitaires de France,</subfield><subfield code="c">[2022]</subfield></datafield><datafield ind1=" " ind2="4" tag="264"><subfield code="c">©2022</subfield></datafield><datafield ind1=" " ind2=" " tag="300"><subfield code="a">1 online resource (127 pages).</subfield></datafield><datafield ind1=" " ind2=" " tag="336"><subfield code="a">text</subfield><subfield code="b">txt</subfield><subfield code="2">rdacontent</subfield></datafield><datafield ind1=" " ind2=" " tag="337"><subfield code="a">computer</subfield><subfield code="b">c</subfield><subfield code="2">rdamedia</subfield></datafield><datafield ind1=" " ind2=" " tag="338"><subfield code="a">online resource</subfield><subfield code="b">cr</subfield><subfield code="2">rdacarrier</subfield></datafield><datafield ind1="1" ind2=" " tag="490"><subfield code="a">Que sais-je?</subfield></datafield><datafield ind1=" " ind2=" " tag="588"><subfield code="a">Description based on print version record.</subfield></datafield><datafield ind1=" " ind2=" " tag="520"><subfield code="a">« Historique, symptômes, épidémiologie, moyens diagnostiques, traitement médical et chirurgical, rééducation, adaptation à la vie de tous les jours, rôle des aidants ... Le docteur Chantal Hausser-Hauw passe en revue, de façon simple et claire, les différentes facettes de la maladie de Parkinson, exposant les hypothèses qui permettent d'en expliquer l'origine, en particulier le rôle capital de l'alpha-synucléine. Quelles sont les perspectives de traitement et de prévention? Quelles autres voies, notamment la thérapie par la lumière ou la thérapie génique, la recherche clinique et fondamentale innovante ouvre-t-elle? Autant de questions auxquelles les proches et les malades trouveront enfin des réponses précises, à jour des dernières avancées scientifiques. »--Quatrième de couverture.</subfield></datafield><datafield ind1=" " ind2="0" tag="650"><subfield code="a">Parkinson's disease.</subfield></datafield><datafield ind1=" " ind2=" " tag="776"><subfield code="z">2-7154-1308-4</subfield></datafield><datafield ind1="1" ind2=" " tag="700"><subfield code="a">Robiliard, Didier,</subfield><subfield code="e">author.</subfield></datafield><datafield ind1=" " ind2="0" tag="830"><subfield code="a">Que sais-je?</subfield></datafield><datafield ind1=" " ind2=" " tag="906"><subfield code="a">BOOK</subfield></datafield></record>
</metadata></record>