<record><header><identifier>oai:alma.41SLSP_UGE:991000006089705502</identifier><datestamp>2024-09-28T00:12:12Z</datestamp><setSpec>uge_bcen_RapidILL_BOOK</setSpec><setSpec>uge_aaca_RapidILL_BOOK</setSpec><setSpec>uge_abels_RapidILL_BOOK</setSpec><setSpec>uge_dbu_RapidILL_BOOK</setSpec><setSpec>uge_cmu_RapidILL_BOOK</setSpec><setSpec>uge_mail_RapidILL_BOOK</setSpec><setSpec>uge_abbat_RapidILL_BOOK</setSpec><setSpec>UNIGE_ALL</setSpec><setSpec>uge_aobs_RapidILL_BOOK</setSpec><setSpec>uge_acar_RapidILL_BOOK</setSpec></header><metadata>
<record xmlns="http://www.loc.gov/MARC21/slim" xmlns:xsi="http://www.w3.org/2001/XMLSchema-instance" xsi:schemaLocation="http://www.loc.gov/MARC21/slim http://www.loc.gov/standards/marcxml/schema/MARC21slim.xsd"><leader>01455nam a2200385 c 4500</leader><controlfield tag="001">991000006089705502</controlfield><controlfield tag="005">20240927182808.0</controlfield><controlfield tag="008">201011r19731652it ||||| |||| 00| ||ita d</controlfield><datafield ind1="7" ind2=" " tag="024"><subfield code="a">http://catalogue.bnf.fr/ark:/12148/cb354616315</subfield><subfield code="2">uri</subfield></datafield><datafield ind1=" " ind2=" " tag="035"><subfield code="a">(swissbib)232276854-41slsp_network</subfield></datafield><datafield ind1=" " ind2=" " tag="035"><subfield code="a">232276854</subfield><subfield code="9">ExL</subfield></datafield><datafield ind1=" " ind2=" " tag="035"><subfield code="a">(RERO)0045724-41slsp</subfield></datafield><datafield ind1=" " ind2=" " tag="035"><subfield code="a">(NEBIS)009049739EBI01</subfield></datafield><datafield ind1=" " ind2=" " tag="035"><subfield code="a">(EXLNZ-41SLSP_NETWORK)991060434599705501</subfield></datafield><datafield ind1=" " ind2=" " tag="040"><subfield code="a">RERO</subfield><subfield code="d">CH-ZuSLS</subfield></datafield><datafield ind1=" " ind2="7" tag="072"><subfield code="a">ba</subfield><subfield code="2">rero</subfield></datafield><datafield ind1="1" ind2=" " tag="100"><subfield code="a">Otonelli, Giovanni Domenigo</subfield><subfield code="d">1584-1620</subfield><subfield code="0">(IDREF)13431929X</subfield><subfield code="4">cre</subfield></datafield><datafield ind1="1" ind2="0" tag="245"><subfield code="a">Trattato della pittura e scultura</subfield><subfield code="b">uso et abuso loro (1652)</subfield><subfield code="c">[Di] G.D. Ottonelli [e] P. Berrettini</subfield></datafield><datafield ind1=" " ind2=" " tag="250"><subfield code="a">Ripresa anastatica dell ed. origin</subfield></datafield><datafield ind1=" " ind2="1" tag="264"><subfield code="a">Treviso</subfield><subfield code="b">Libr. Ed. Canova</subfield><subfield code="c">1973</subfield></datafield><datafield ind1=" " ind2=" " tag="300"><subfield code="a">CXLIV, 420 p., 143 p.</subfield><subfield code="b">ill.</subfield><subfield code="c">22 cm</subfield></datafield><datafield ind1=" " ind2=" " tag="336"><subfield code="b">txt</subfield><subfield code="2">rdacontent</subfield></datafield><datafield ind1=" " ind2=" " tag="337"><subfield code="b">n</subfield><subfield code="2">rdamedia</subfield></datafield><datafield ind1=" " ind2=" " tag="338"><subfield code="b">nc</subfield><subfield code="2">rdacarrier</subfield></datafield><datafield ind1="1" ind2=" " tag="490"><subfield code="a">Fonti per la storia dell'arte</subfield></datafield><datafield ind1=" " ind2=" " tag="534"><subfield code="p">Reprod. , établie par Vittorio Casale, de l'éd. de:</subfield><subfield code="c">Fiorenza : Stamperia di Gio: A. Bonardi, 1652</subfield></datafield><datafield ind1=" " ind2=" " tag="690"><subfield code="a">Ottonelli, Domenico</subfield><subfield code="2">uzb-US</subfield></datafield><datafield ind1=" " ind2=" " tag="690"><subfield code="a">Pietro da Cortona</subfield><subfield code="2">uzb-US</subfield></datafield><datafield ind1=" " ind2=" " tag="690"><subfield code="a">Malereitraktat</subfield><subfield code="2">uzb-US</subfield></datafield><datafield ind1="1" ind2=" " tag="700"><subfield code="a">Ottonelli, Domenico</subfield></datafield><datafield ind1="1" ind2=" " tag="700"><subfield code="a">Berrettini, Pietro</subfield></datafield><datafield ind1="0" ind2=" " tag="700"><subfield code="a">Pietro</subfield><subfield code="c">da Cortona</subfield><subfield code="0">(RERO)A000130651</subfield></datafield><datafield ind1="1" ind2=" " tag="700"><subfield code="a">Casale, Vittorio</subfield><subfield code="0">(IDREF)05937067X</subfield></datafield><datafield ind1=" " ind2="0" tag="830"><subfield code="a">Fonti per la storia dell'arte</subfield><subfield code="p">Canova</subfield><subfield code="w">(RERO)R257069860-41slsp</subfield></datafield><datafield ind1=" " ind2=" " tag="900"><subfield code="a">REROnoselfmerge</subfield></datafield><datafield ind1=" " ind2=" " tag="900"><subfield code="f">IDSU2medea</subfield></datafield><datafield ind1=" " ind2=" " tag="993"><subfield code="a">BFLA 22265</subfield><subfield code="x">ge/ulha/a/86/1424</subfield><subfield code="9">LOCAL</subfield></datafield></record>
</metadata></record>