<record><header><identifier>oai:alma.41SLSP_UGE:991011969419805502</identifier><datestamp>2024-10-24T00:07:03Z</datestamp><setSpec>UNIGE_ALL</setSpec></header><metadata>
<record xmlns="http://www.loc.gov/MARC21/slim" xmlns:xsi="http://www.w3.org/2001/XMLSchema-instance" xsi:schemaLocation="http://www.loc.gov/MARC21/slim http://www.loc.gov/standards/marcxml/schema/MARC21slim.xsd"><leader>-----nam-a22-----z--4500</leader><controlfield tag="001">991011969419805502</controlfield><controlfield tag="005">20240327080003</controlfield><controlfield tag="006">m     o  d        </controlfield><controlfield tag="007">cr un         </controlfield><controlfield tag="008">241012s2022    fr |    o|||||0|0|||fre d</controlfield><datafield ind1=" " ind2=" " tag="020"><subfield code="a">979-1-03-702838-9</subfield></datafield><datafield ind1=" " ind2=" " tag="035"><subfield code="a">(CKB)5710000000110072</subfield></datafield><datafield ind1=" " ind2=" " tag="035"><subfield code="a">(VLeBooks)9791037028389</subfield></datafield><datafield ind1=" " ind2=" " tag="035"><subfield code="a">(FR-PaCSA)88952639</subfield></datafield><datafield ind1=" " ind2=" " tag="035"><subfield code="a">(FRCYB88952639)88952639</subfield></datafield><datafield ind1=" " ind2=" " tag="035"><subfield code="a">(EXLCZ)995710000000110072</subfield></datafield><datafield ind1=" " ind2=" " tag="040"><subfield code="a">FR-PaCSA</subfield><subfield code="b">fr</subfield><subfield code="e">rda</subfield></datafield><datafield ind1="0" ind2="0" tag="050"><subfield code="a">H61</subfield><subfield code="b">.G78 2022</subfield></datafield><datafield ind1="1" ind2=" " tag="100"><subfield code="a">Grossetti, Michel</subfield></datafield><datafield ind1="0" ind2="1" tag="245"><subfield code="a">Matière sociale </subfield><subfield code="b">Esquisse d'une ontologie pour les sciences sociales</subfield><subfield code="c">Grossetti, Michel</subfield></datafield><datafield ind1=" " ind2="1" tag="264"><subfield code="a">Paris, France</subfield><subfield code="b">Editions Hermann</subfield><subfield code="c">2022</subfield></datafield><datafield ind1=" " ind2=" " tag="300"><subfield code="a">1 online resource (148 p.)</subfield></datafield><datafield ind1=" " ind2=" " tag="336"><subfield code="b">txt</subfield><subfield code="2">rdacontent</subfield></datafield><datafield ind1=" " ind2=" " tag="337"><subfield code="b">c</subfield><subfield code="2">rdamedia</subfield></datafield><datafield ind1=" " ind2=" " tag="338"><subfield code="b">cr</subfield><subfield code="2">rdacarrier</subfield></datafield><datafield ind1=" " ind2=" " tag="520"><subfield code="a">Ce livre propose une ontologie adaptee aux sciences sociales, a leurs objets et a leurs methodes. Les categories proposees s'appuient sur les travaux de l'auteur, mais l'objectif du livre est avant tout d'explorer les possibilites de faire apparaitre un espace theorique commun de ces sciences, au-dela des divergences theoriques, des differences disciplinaires ou thematiques, et de la diversite considerable des vocabulaires. Les entites, les processus et les relations constituent les entrees complementaires sur la base desquelles sont elaborees les categories presentees, avec une attention particuliere au niveau intermediaire des phenomenes situes entre les interactions et les processus collectifs tres massifs. Les notions de reseau, de collectif, de sphere d'activites et d'institution sont definies a partir de ce niveau intermediaire et sont ensuite deployees sur d'autres niveaux d'analyse. L'ouvrage met l'accent sur les phenomenes d'emergence de formes sociales complexes au sein d'un espace a trois dimensions (masse, duree, generalite) qui generalise la classique distinction entre micro et macro souvent discutee par les sociologues et les typologies des durees elaborees par les historiens. Les categories proposees sont toujours appuyees sur des travaux empiriques et associees a des methodes d'enquete.</subfield></datafield><datafield ind1=" " ind2="0" tag="650"><subfield code="a">Social sciences</subfield><subfield code="x">Philosophy.</subfield></datafield><datafield ind1=" " ind2="0" tag="650"><subfield code="a">Ontology.</subfield></datafield><datafield ind1=" " ind2=" " tag="776"><subfield code="z">979-1-03-701350-7</subfield></datafield><datafield ind1=" " ind2=" " tag="906"><subfield code="a">BOOK</subfield></datafield></record>
</metadata></record>