<record><header><identifier>oai:alma.41SLSP_UGE:991011969421905502</identifier><datestamp>2024-06-10T00:08:41Z</datestamp><setSpec>UNIGE_ALL</setSpec></header><metadata>
<record xmlns="http://www.loc.gov/MARC21/slim" xmlns:xsi="http://www.w3.org/2001/XMLSchema-instance" xsi:schemaLocation="http://www.loc.gov/MARC21/slim http://www.loc.gov/standards/marcxml/schema/MARC21slim.xsd"><leader>01519nam a2200325 i 4500</leader><controlfield tag="001">991011969421905502</controlfield><controlfield tag="005">20230929073334.0</controlfield><controlfield tag="006">m     o  d        </controlfield><controlfield tag="007">cr |||||||||||</controlfield><controlfield tag="008">230929s2022    fr a    o     000 0 fre d</controlfield><datafield ind1=" " ind2=" " tag="020"><subfield code="a">2-37687-708-3</subfield></datafield><datafield ind1=" " ind2=" " tag="035"><subfield code="a">(CKB)5590000001027401</subfield></datafield><datafield ind1=" " ind2=" " tag="035"><subfield code="a">(NjHacI)995590000001027401</subfield></datafield><datafield ind1=" " ind2=" " tag="035"><subfield code="a">(PPN)267771657</subfield></datafield><datafield ind1=" " ind2=" " tag="035"><subfield code="a">(FR-PaCSA)88939722</subfield></datafield><datafield ind1=" " ind2=" " tag="035"><subfield code="a">(EXLCZ)995590000001027401</subfield></datafield><datafield ind1=" " ind2=" " tag="040"><subfield code="a">NjHacI</subfield><subfield code="b">eng</subfield><subfield code="e">rda</subfield><subfield code="c">NjHacl</subfield></datafield><datafield ind1=" " ind2="4" tag="050"><subfield code="a">BD331</subfield><subfield code="b">.L367 2022</subfield></datafield><datafield ind1="0" ind2="4" tag="082"><subfield code="a">006.8</subfield><subfield code="2">23</subfield></datafield><datafield ind1="1" ind2=" " tag="100"><subfield code="a">Lamri, Jérémy,</subfield><subfield code="e">author.</subfield></datafield><datafield ind1="1" ind2="0" tag="245"><subfield code="a">Métavers et RH :</subfield><subfield code="b">Comment le Web 3.0 repense le futur du travail et des organisations /</subfield><subfield code="c">Jérémy Lamri.</subfield></datafield><datafield ind1=" " ind2=" " tag="246"><subfield code="a">Métavers et RH </subfield></datafield><datafield ind1=" " ind2="1" tag="264"><subfield code="a">Caen :</subfield><subfield code="b">EMS Editions - IN QUARTO SARL,</subfield><subfield code="c">2022.</subfield></datafield><datafield ind1=" " ind2=" " tag="300"><subfield code="a">1 online resource (166 pages) :</subfield><subfield code="b">illustrations (some colour).</subfield></datafield><datafield ind1=" " ind2=" " tag="336"><subfield code="a">text</subfield><subfield code="b">txt</subfield><subfield code="2">rdacontent</subfield></datafield><datafield ind1=" " ind2=" " tag="337"><subfield code="a">computer</subfield><subfield code="b">c</subfield><subfield code="2">rdamedia</subfield></datafield><datafield ind1=" " ind2=" " tag="338"><subfield code="a">online resource</subfield><subfield code="b">cr</subfield><subfield code="2">rdacarrier</subfield></datafield><datafield ind1="1" ind2=" " tag="490"><subfield code="a">Questions de société</subfield></datafield><datafield ind1=" " ind2=" " tag="588"><subfield code="a">Description based on publisher supplied metadata and other sources.</subfield></datafield><datafield ind1=" " ind2=" " tag="520"><subfield code="a">Après une définition des concepts entourant le métavers (web 3.0, blockchain, web spatial, réalité étendue, etc.), l'ouvrage explore les cas d'usages susceptibles d'émerger pour la fonction RH ainsi que les métiers qui seront touchés par cette nouvelle réalité. Une large part est consacrée aux questionnements éthiques que le métavers et le web 3.0 peuvent susciter.</subfield><subfield code="c">©Electre 2022.</subfield></datafield><datafield ind1=" " ind2="0" tag="650"><subfield code="a">Virtual reality.</subfield></datafield><datafield ind1=" " ind2=" " tag="776"><subfield code="z">2-37687-707-5</subfield></datafield><datafield ind1=" " ind2="0" tag="830"><subfield code="a">Collection Questions de société.</subfield></datafield><datafield ind1=" " ind2=" " tag="906"><subfield code="a">BOOK</subfield></datafield></record>
</metadata></record>