<record><header><identifier>oai:alma.41SLSP_UGE:991011969419605502</identifier><datestamp>2024-10-24T00:06:39Z</datestamp><setSpec>UNIGE_ALL</setSpec></header><metadata>
<record xmlns="http://www.loc.gov/MARC21/slim" xmlns:xsi="http://www.w3.org/2001/XMLSchema-instance" xsi:schemaLocation="http://www.loc.gov/MARC21/slim http://www.loc.gov/standards/marcxml/schema/MARC21slim.xsd"><leader>-----nam-a22-----z--4500</leader><controlfield tag="001">991011969419605502</controlfield><controlfield tag="005">20240424080001</controlfield><controlfield tag="006">m     o  d        </controlfield><controlfield tag="007">cr un         </controlfield><controlfield tag="008">241012s2019    fr |    o|||||0|0|||fre d</controlfield><datafield ind1=" " ind2=" " tag="020"><subfield code="a">979-1-03-702667-5</subfield></datafield><datafield ind1=" " ind2=" " tag="035"><subfield code="a">(CKB)5720000000176289</subfield></datafield><datafield ind1=" " ind2=" " tag="035"><subfield code="a">(VLeBooks)9791037026675</subfield></datafield><datafield ind1=" " ind2=" " tag="035"><subfield code="a">(FR-PaCSA)88952885</subfield></datafield><datafield ind1=" " ind2=" " tag="035"><subfield code="a">(FRCYB88952885)88952885</subfield></datafield><datafield ind1=" " ind2=" " tag="035"><subfield code="a">(EXLCZ)995720000000176289</subfield></datafield><datafield ind1=" " ind2=" " tag="040"><subfield code="a">FR-PaCSA</subfield><subfield code="b">fr</subfield><subfield code="e">rda</subfield></datafield><datafield ind1="0" ind2="0" tag="050"><subfield code="a">MLCM 2021/40357 (D)</subfield></datafield><datafield ind1="1" ind2=" " tag="100"><subfield code="a">Gruel, Katherine </subfield></datafield><datafield ind1="0" ind2="1" tag="245"><subfield code="a">Réinventer les Celtes /</subfield><subfield code="c">Gruel, Katherine  - Buchsenschutz, Olivier</subfield></datafield><datafield ind1=" " ind2="1" tag="264"><subfield code="a">Paris, France</subfield><subfield code="b">Editions Hermann</subfield><subfield code="c">2019</subfield></datafield><datafield ind1=" " ind2=" " tag="300"><subfield code="a">1 online resource (382 p.)</subfield></datafield><datafield ind1=" " ind2=" " tag="336"><subfield code="b">txt</subfield><subfield code="2">rdacontent</subfield></datafield><datafield ind1=" " ind2=" " tag="337"><subfield code="b">c</subfield><subfield code="2">rdamedia</subfield></datafield><datafield ind1=" " ind2=" " tag="338"><subfield code="b">cr</subfield><subfield code="2">rdacarrier</subfield></datafield><datafield ind1=" " ind2=" " tag="520"><subfield code="a">Les Celtes designent pour les auteurs grecs des le Ve siecle avant J.-C. l'ensemble des populations occidentales nord-alpines. Si leurs puissants voisins ont certainement exerce une influence sur les Celtes, ces derniers ont developpe une societe et un mode de vie qui ont tantot emprunte les memes voies, mais tantot completement diverge, dans la periode meme ou ils intervenaient en Italie et dans les Balkans. La langue, l'outillage, l'armement, les parures, les modes de vie, qui evoluent en parallele, generation apres generation, sur une grande partie de l'Europe moyenne ancienne, peuvent etre reunis dans un ensemble coherent, distinct de groupes voisins qui ont fait d'autres choix. Les echanges d'objets, les conflits ou les colonisations reciproques n'ont pas gomme ces differences, avant que l'expansion de Rome n'entraine une acculturation generale.travers les recherches inities depuis quarante ans sur le monde celtique et italique  l'ge du Fer, le laboratoire AOrOc a accompagn le dveloppement exponentiel des recherches archologiques sur les sanctuaires, les habitats, l'alimentation, l'outillage et le monnayage celtiques. Aprs avoir relu les textes grecs et latins  la lumire de ces nouvelles donnes, l'image que les Celtes avaient d'eux-mmes a t mieux dfinie et l'originalit et l'volution historique de leur civilisation se sont peu  peu prcises.</subfield></datafield><datafield ind1=" " ind2="0" tag="650"><subfield code="a">Celts</subfield><subfield code="z">France.</subfield></datafield><datafield ind1=" " ind2="0" tag="650"><subfield code="a">Civilization, Celtic.</subfield></datafield><datafield ind1=" " ind2=" " tag="776"><subfield code="z">979-1-03-700089-7</subfield></datafield><datafield ind1="0" ind2=" " tag="700"><subfield code="a">Buchsenschutz, Olivier</subfield></datafield><datafield ind1=" " ind2=" " tag="906"><subfield code="a">BOOK</subfield></datafield></record>
</metadata></record>