<record><header><identifier>oai:alma.41SLSP_UGE:991011969421705502</identifier><datestamp>2024-08-27T00:07:34Z</datestamp><setSpec>UNIGE_ALL</setSpec></header><metadata>
<record xmlns="http://www.loc.gov/MARC21/slim" xmlns:xsi="http://www.w3.org/2001/XMLSchema-instance" xsi:schemaLocation="http://www.loc.gov/MARC21/slim http://www.loc.gov/standards/marcxml/schema/MARC21slim.xsd"><leader>01328nam a22003373i 4500</leader><controlfield tag="001">991011969421705502</controlfield><controlfield tag="005">20240810060243.0</controlfield><controlfield tag="006">m     o  d |      </controlfield><controlfield tag="007">cr cnu||||||||</controlfield><controlfield tag="008">240810s2023    xx      o     ||||0 fre d</controlfield><datafield ind1=" " ind2=" " tag="020"><subfield code="a">2-348-07239-4</subfield></datafield><datafield ind1=" " ind2=" " tag="020"><subfield code="a">2-348-07240-8</subfield></datafield><datafield ind1=" " ind2=" " tag="035"><subfield code="a">(CKB)5600000000591578</subfield></datafield><datafield ind1=" " ind2=" " tag="035"><subfield code="a">(PPN)270353992</subfield></datafield><datafield ind1=" " ind2=" " tag="035"><subfield code="a">(MiAaPQ)EBC31585080</subfield></datafield><datafield ind1=" " ind2=" " tag="035"><subfield code="a">(Au-PeEL)EBL31585080</subfield></datafield><datafield ind1=" " ind2=" " tag="035"><subfield code="a">(EXLCZ)995600000000591578</subfield></datafield><datafield ind1=" " ind2=" " tag="040"><subfield code="a">MiAaPQ</subfield><subfield code="b">eng</subfield><subfield code="e">rda</subfield><subfield code="e">pn</subfield><subfield code="c">MiAaPQ</subfield><subfield code="d">MiAaPQ</subfield></datafield><datafield ind1="0" ind2="0" tag="050"><subfield code="a">GF75</subfield><subfield code="b">.M377 2023</subfield></datafield><datafield ind1="1" ind2=" " tag="100"><subfield code="a">MBEMBE, Achille.</subfield></datafield><datafield ind1="1" ind2="0" tag="245"><subfield code="a">La Communauté Terrestre.</subfield></datafield><datafield ind1=" " ind2=" " tag="250"><subfield code="a">1st ed.</subfield></datafield><datafield ind1=" " ind2="1" tag="264"><subfield code="a">Québec :</subfield><subfield code="b">La Decouverte Editions,</subfield><subfield code="c">2023.</subfield></datafield><datafield ind1=" " ind2="4" tag="264"><subfield code="c">©2023.</subfield></datafield><datafield ind1=" " ind2=" " tag="300"><subfield code="a">1 online resource (213 pages)</subfield></datafield><datafield ind1=" " ind2=" " tag="336"><subfield code="a">text</subfield><subfield code="b">txt</subfield><subfield code="2">rdacontent</subfield></datafield><datafield ind1=" " ind2=" " tag="337"><subfield code="a">computer</subfield><subfield code="b">c</subfield><subfield code="2">rdamedia</subfield></datafield><datafield ind1=" " ind2=" " tag="338"><subfield code="a">online resource</subfield><subfield code="b">cr</subfield><subfield code="2">rdacarrier</subfield></datafield><datafield ind1=" " ind2=" " tag="520"><subfield code="a">&quot;Traiter de la Terre, c'est avoir à l'esprit une chaîne symbiotique : celle du vivant, dans ses innombrables déploiements. Les humains, les espèces animales et végétales, les microbes, bactéries et virus, les corps inorganiques et les substances minérales ainsi que les dispositifs technologiques et autres appareillages artificiels font inséparablement partie de cette chaîne du vivant. Mais c'est aussi le cas, du moins dans les pensées animistes africaines, de toutes les forces invisibles, des génies, des esprits et des masques. Prenant fermement appui sur l'insondable richesse de ces pensées, Achille Mbembe propose dans cet essai une réflexion stimulante sur la Terre, ses devenirs, et surtout la sorte de communauté qu'elle forme avec la cohorte des espèces animées et inanimées qui l'habitent, y ont trouvé refuge ou y séjournent. Il montre comment notre relation fondamentale à la Terre ne peut être que celle de l'habitant et du passant. C'est en tant qu'habitant et passant qu'elle nous accueille et nous abrite, qu'elle entretient les traces de notre passage, celles qui parlent en notre nom et en mémoire de qui nous aurons été, avec d'autres et au milieu d'eux. C'est à ce titre qu'elle est la toute dernière des utopies, la pierre angulaire d'une nouvelle conscience planétaire&quot;--Page 4 of cover.</subfield></datafield><datafield ind1=" " ind2=" " tag="588"><subfield code="a">Description based on publisher supplied metadata and other sources.</subfield></datafield><datafield ind1=" " ind2="0" tag="650"><subfield code="a">Nature</subfield><subfield code="x">Effect of human beings on.</subfield></datafield><datafield ind1=" " ind2="0" tag="650"><subfield code="a">Biotic communities</subfield><subfield code="x">Philosophy.</subfield></datafield><datafield ind1=" " ind2="0" tag="650"><subfield code="a">Environmental ethics.</subfield></datafield><datafield ind1=" " ind2="0" tag="650"><subfield code="a">Human ecology.</subfield></datafield><datafield ind1=" " ind2=" " tag="776"><subfield code="z">2-348-07238-6</subfield></datafield><datafield ind1=" " ind2=" " tag="906"><subfield code="a">BOOK</subfield></datafield></record>
</metadata></record>