<record><header><identifier>oai:alma.41SLSP_UGE:991011969419205502</identifier><datestamp>2024-06-04T00:50:14Z</datestamp><setSpec>UNIGE_ALL</setSpec></header><metadata>
<record xmlns="http://www.loc.gov/MARC21/slim" xmlns:xsi="http://www.w3.org/2001/XMLSchema-instance" xsi:schemaLocation="http://www.loc.gov/MARC21/slim http://www.loc.gov/standards/marcxml/schema/MARC21slim.xsd"><leader>02310nam a22005172u 4500</leader><controlfield tag="001">991011969419205502</controlfield><controlfield tag="005">20210106233417.0</controlfield><controlfield tag="006">m        d        </controlfield><controlfield tag="007">cr -n---------</controlfield><controlfield tag="008">100913s2004|||||||     o|||||||||||fre|d</controlfield><datafield ind1=" " ind2=" " tag="020"><subfield code="a">1-281-80065-1</subfield></datafield><datafield ind1=" " ind2=" " tag="020"><subfield code="a">9786611800659</subfield></datafield><datafield ind1=" " ind2=" " tag="020"><subfield code="a">2-7598-0153-5</subfield></datafield><datafield ind1="7" ind2=" " tag="024"><subfield code="a">10.1051/978-2-7598-0153-4</subfield><subfield code="2">doi</subfield></datafield><datafield ind1=" " ind2=" " tag="035"><subfield code="a">(CKB)1000000000691919</subfield></datafield><datafield ind1=" " ind2=" " tag="035"><subfield code="a">(EBL)369440</subfield></datafield><datafield ind1=" " ind2=" " tag="035"><subfield code="a">(OCoLC)476204664</subfield></datafield><datafield ind1=" " ind2=" " tag="035"><subfield code="a">(SSID)ssj0001105358</subfield></datafield><datafield ind1=" " ind2=" " tag="035"><subfield code="a">(PQKBManifestationID)11574033</subfield></datafield><datafield ind1=" " ind2=" " tag="035"><subfield code="a">(PQKBTitleCode)TC0001105358</subfield></datafield><datafield ind1=" " ind2=" " tag="035"><subfield code="a">(PQKBWorkID)11056678</subfield></datafield><datafield ind1=" " ind2=" " tag="035"><subfield code="a">(PQKB)10903658</subfield></datafield><datafield ind1=" " ind2=" " tag="035"><subfield code="a">(MiAaPQ)EBC369440</subfield></datafield><datafield ind1=" " ind2=" " tag="035"><subfield code="a">(DE-B1597)574923</subfield></datafield><datafield ind1=" " ind2=" " tag="035"><subfield code="a">(DE-B1597)9782759801534</subfield></datafield><datafield ind1=" " ind2=" " tag="035"><subfield code="a">(Au-PeEL)EBL369440</subfield></datafield><datafield ind1=" " ind2=" " tag="035"><subfield code="a">(CaONFJC)MIL180065</subfield></datafield><datafield ind1=" " ind2=" " tag="035"><subfield code="a">(OCoLC)437237184</subfield></datafield><datafield ind1=" " ind2=" " tag="035"><subfield code="a">(PPN)170223655</subfield></datafield><datafield ind1=" " ind2=" " tag="035"><subfield code="a">(FR-PaCSA)88802491</subfield></datafield><datafield ind1=" " ind2=" " tag="035"><subfield code="a">(EXLCZ)991000000000691919</subfield></datafield><datafield ind1=" " ind2=" " tag="040"><subfield code="a">AU-PeEL</subfield><subfield code="b">eng</subfield><subfield code="c">AU-PeEL</subfield><subfield code="d">AU-PeEL</subfield></datafield><datafield ind1=" " ind2=" " tag="041"><subfield code="a">fre</subfield></datafield><datafield ind1=" " ind2=" " tag="044"><subfield code="a">fr</subfield><subfield code="c">FR</subfield></datafield><datafield ind1=" " ind2="7" tag="072"><subfield code="a">SCI008000</subfield><subfield code="2">bisacsh</subfield></datafield><datafield ind1="0" ind2="0" tag="082"><subfield code="a">378</subfield></datafield><datafield ind1="1" ind2=" " tag="100"><subfield code="a">Dercourt, Jean.</subfield></datafield><datafield ind1="1" ind2="0" tag="245"><subfield code="a">Les Flux d'étudiants susceptibles d'accéder aux carrières de recherche.</subfield></datafield><datafield ind1=" " ind2=" " tag="260"><subfield code="a">Les Ulis :</subfield><subfield code="b">EDP Sciences,</subfield><subfield code="c">2004.</subfield></datafield><datafield ind1=" " ind2=" " tag="300"><subfield code="a">1 online resource (150 p.)</subfield></datafield><datafield ind1=" " ind2=" " tag="336"><subfield code="a">text</subfield><subfield code="b">txt</subfield></datafield><datafield ind1=" " ind2=" " tag="337"><subfield code="a">computer</subfield><subfield code="b">c</subfield></datafield><datafield ind1=" " ind2=" " tag="338"><subfield code="a">online resource</subfield><subfield code="b">cr</subfield></datafield><datafield ind1="0" ind2=" " tag="490"><subfield code="a">Académie des sciences</subfield></datafield><datafield ind1=" " ind2=" " tag="500"><subfield code="a">Description based upon print version of record.</subfield></datafield><datafield ind1="0" ind2=" " tag="505"><subfield code="a">Table des matières; Résumé; Introduction; Chapitre 1 Préalables méthodoliques : élèves et étudiants scientifiques en Ile-de- France (IdF); Chapitre 2 Parcours et orientations; Chapitre 3 La productions des cadres et leur devenir : filières techniques et filières générales; Conclusions : constats et préconisations; Annexes; </subfield></datafield><datafield ind1=" " ind2=" " tag="520"><subfield code="a">After graduation, students take on many different scientific professions and techniques, including, among others, the field of research. In order for us to fully understand their choices, we need to know the students themselves. We have to be capable of distinguishing the variety of different curricula and to know how to apply this insight to the general requirements and conditions of education and employment of these young graduates.</subfield></datafield><datafield ind1=" " ind2=" " tag="546"><subfield code="a">French</subfield></datafield><datafield ind1=" " ind2=" " tag="540"><subfield code="a">This eBook is made available Open Access under a CC BY-NC-ND 4.0 license: </subfield><subfield code="u">https://creativecommons.org/licenses/by-nc-nd/4.0 </subfield><subfield code="u">https://www.degruyter.com/dg/page/open-access-policy</subfield></datafield><datafield ind1=" " ind2=" " tag="588"><subfield code="a">Description based on publisher supplied metadata and other sources.</subfield></datafield><datafield ind1=" " ind2="4" tag="650"><subfield code="a">Education.</subfield></datafield><datafield ind1=" " ind2="7" tag="650"><subfield code="a">Education</subfield><subfield code="2">HILCC</subfield></datafield><datafield ind1=" " ind2="7" tag="650"><subfield code="a">Social Sciences</subfield><subfield code="2">HILCC</subfield></datafield><datafield ind1=" " ind2="7" tag="650"><subfield code="a">History of Education</subfield><subfield code="2">HILCC</subfield></datafield><datafield ind1=" " ind2=" " tag="700"><subfield code="a">Dercourt, Jean</subfield><subfield code="e">Contributor</subfield></datafield><datafield ind1=" " ind2=" " tag="710"><subfield code="a">ebrary, Inc</subfield><subfield code="e">Content Provider</subfield></datafield><datafield ind1=" " ind2=" " tag="710"><subfield code="a">Académie des sciences (France)</subfield><subfield code="e">Content Provider</subfield></datafield><datafield ind1=" " ind2=" " tag="776"><subfield code="z">2-86883-751-4</subfield></datafield><datafield ind1=" " ind2=" " tag="906"><subfield code="a">BOOK</subfield></datafield></record>
</metadata></record>