<record><header><identifier>oai:alma.41SLSP_UGE:991011969421305502</identifier><datestamp>2024-02-04T01:19:32Z</datestamp><setSpec>UNIGE_ALL</setSpec></header><metadata>
<record xmlns="http://www.loc.gov/MARC21/slim" xmlns:xsi="http://www.w3.org/2001/XMLSchema-instance" xsi:schemaLocation="http://www.loc.gov/MARC21/slim http://www.loc.gov/standards/marcxml/schema/MARC21slim.xsd"><leader>-----nas--2200601-a-4500</leader><controlfield tag="001">991011969421305502</controlfield><controlfield tag="005">20240111213018.0</controlfield><controlfield tag="006">m-----o--d-f------</controlfield><controlfield tag="007">cr-|||||||||||</controlfield><controlfield tag="008">110215c20119999dcuqr-p-o----f|---a0eng--</controlfield><datafield ind1=" " ind2=" " tag="010"><subfield code="a">  2011201877</subfield></datafield><datafield ind1=" " ind2=" " tag="022"><subfield code="a">2159-8819</subfield></datafield><datafield ind1=" " ind2=" " tag="035"><subfield code="a">(OCoLC)701928257</subfield></datafield><datafield ind1=" " ind2=" " tag="035"><subfield code="a">(CKB)2550000000029403</subfield></datafield><datafield ind1=" " ind2=" " tag="035"><subfield code="a">(CONSER)--2011201877</subfield></datafield><datafield ind1=" " ind2=" " tag="035"><subfield code="a">(EXLCZ)992550000000029403</subfield></datafield><datafield ind1=" " ind2=" " tag="037"><subfield code="b">Tuskegee University National Center for Bioethics in Research and Health Care, John A. Kenny Hall 44-107, 1200 W. Montgomery Rd., Tuskegee, AL 36088</subfield></datafield><datafield ind1=" " ind2=" " tag="042"><subfield code="a">pcc</subfield><subfield code="a">nsdp</subfield></datafield><datafield ind1=" " ind2=" " tag="043"><subfield code="a">n-us---</subfield></datafield><datafield ind1="1" ind2="0" tag="050"><subfield code="a">ISSN RECORD</subfield></datafield><datafield ind1="1" ind2="4" tag="050"><subfield code="a">RA410.53</subfield></datafield><datafield ind1=" " ind2=" " tag="074"><subfield code="a">0385-F (online)</subfield></datafield><datafield ind1="1" ind2="0" tag="082"><subfield code="a">338</subfield><subfield code="2">14</subfield></datafield><datafield ind1="0" ind2=" " tag="086"><subfield code="a">D 206.25:</subfield></datafield><datafield ind1="0" ind2=" " tag="210"><subfield code="a">J. healthc. sci. humanit.</subfield><subfield code="b">(Online)</subfield></datafield><datafield ind1=" " ind2="0" tag="222"><subfield code="a">Journal of healthcare, science and the humanities</subfield><subfield code="b">(Online)</subfield></datafield><datafield ind1="0" ind2="0" tag="245"><subfield code="a">Journal of healthcare, science and the humanities.</subfield></datafield><datafield ind1="1" ind2=" " tag="246"><subfield code="a">JHSH</subfield></datafield><datafield ind1=" " ind2=" " tag="260"><subfield code="a">Washington, DC :</subfield><subfield code="b">Navy Medicine Institute for the Medical Humanities and Research Leadership, USN Bureau of Medicine and Surgery in partnership with the Smithsonian Institution Scholarly Press</subfield></datafield><datafield ind1="2" ind2=" " tag="260"><subfield code="3">&lt;2012-2013&gt; :</subfield><subfield code="a">Tuskegee, AL :</subfield><subfield code="b">Tuskegee University National Center for Bioethics in Research and Health Care ;</subfield><subfield code="a">[Falls Church, VA] :</subfield><subfield code="b">Semper Vi Foundation</subfield></datafield><datafield ind1=" " ind2=" " tag="300"><subfield code="a">1 online resource</subfield></datafield><datafield ind1=" " ind2=" " tag="310"><subfield code="a">Quarterly</subfield></datafield><datafield ind1=" " ind2=" " tag="336"><subfield code="a">text</subfield><subfield code="b">txt</subfield><subfield code="2">rdacontent</subfield></datafield><datafield ind1=" " ind2=" " tag="337"><subfield code="a">computer</subfield><subfield code="b">c</subfield><subfield code="2">rdamedia</subfield></datafield><datafield ind1=" " ind2=" " tag="338"><subfield code="a">online resource</subfield><subfield code="b">cr</subfield><subfield code="2">rdacarrier</subfield></datafield><datafield ind1="1" ind2=" " tag="362"><subfield code="a">Began with: Vol. 1, no. 1 (spring 2011).</subfield></datafield><datafield ind1=" " ind2=" " tag="500"><subfield code="a">Refereed/Peer-reviewed</subfield></datafield><datafield ind1=" " ind2=" " tag="500"><subfield code="a">As of 2012, no longer an official government publication.</subfield></datafield><datafield ind1=" " ind2=" " tag="550"><subfield code="a">Navy Medicine Institute for the Medical Humanities and Research Leadership &lt;-2012&gt; ; National Center for Bioethics in Research and Health Care, and Semper Vi Foundation &lt;2012-2013&gt;; National Center for Bioethics in Research and Health Care at Tuskegee University, in friendship with the Smithsonian Institution Office of Sponsored Projects, 2014-</subfield></datafield><datafield ind1=" " ind2=" " tag="588"><subfield code="a">Description based on: Vol. 1, no. 1 (spring 2011); title from PDF caption (viewed Aug. 25, 2011).</subfield></datafield><datafield ind1=" " ind2=" " tag="588"><subfield code="a">Latest issue consulted: Vol. 3, no. 1 (spring 2013) (sempervifoundation.org website, viewed April 1, 2013).</subfield></datafield><datafield ind1="1" ind2="0" tag="610"><subfield code="a">United States.</subfield><subfield code="b">Navy</subfield><subfield code="x">Medical care</subfield><subfield code="v">Periodicals.</subfield></datafield><datafield ind1="1" ind2="7" tag="610"><subfield code="a">United States.</subfield><subfield code="b">Navy.</subfield><subfield code="2">fast</subfield><subfield code="0">(OCoLC)fst00533204</subfield></datafield><datafield ind1=" " ind2="0" tag="650"><subfield code="a">Medicine, Naval</subfield><subfield code="z">United States</subfield><subfield code="v">Periodicals.</subfield></datafield><datafield ind1=" " ind2="7" tag="650"><subfield code="a">Armed Forces</subfield><subfield code="x">Medical care.</subfield><subfield code="2">fast</subfield><subfield code="0">(OCoLC)fst01351803</subfield></datafield><datafield ind1=" " ind2="7" tag="650"><subfield code="a">Medicine, Naval.</subfield><subfield code="2">fast</subfield><subfield code="0">(OCoLC)fst01015300</subfield></datafield><datafield ind1=" " ind2="7" tag="651"><subfield code="a">United States.</subfield><subfield code="2">fast</subfield><subfield code="0">(OCoLC)fst01204155</subfield><subfield code="1">https://id.oclc.org/worldcat/entity/E39PBJtxgQXMWqmjMjjwXRHgrq</subfield></datafield><datafield ind1=" " ind2="7" tag="655"><subfield code="a">Periodicals.</subfield><subfield code="2">fast</subfield><subfield code="0">(OCoLC)fst01411641</subfield></datafield><datafield ind1=" " ind2=" " tag="776"><subfield code="x">2159-8800</subfield></datafield><datafield ind1="2" ind2=" " tag="710"><subfield code="a">Navy Medicine Institute for the Medical Humanities and Research Leadership (U.S.)</subfield></datafield><datafield ind1="2" ind2=" " tag="710"><subfield code="a">Semper Vi Foundation.</subfield></datafield><datafield ind1="2" ind2=" " tag="710"><subfield code="a">Tuskegee University.</subfield><subfield code="b">National Center for Bioethics in Research and Health Care.</subfield></datafield><datafield ind1="2" ind2=" " tag="710"><subfield code="a">Smithsonian Institution.</subfield><subfield code="b">Office of Sponsored Projects.</subfield></datafield><datafield ind1=" " ind2=" " tag="906"><subfield code="a">JOURNAL</subfield></datafield></record>
</metadata></record>