<record><header><identifier>oai:alma.41SLSP_UGE:991011969419405502</identifier><datestamp>2024-10-24T00:07:03Z</datestamp><setSpec>UNIGE_ALL</setSpec></header><metadata>
<record xmlns="http://www.loc.gov/MARC21/slim" xmlns:xsi="http://www.w3.org/2001/XMLSchema-instance" xsi:schemaLocation="http://www.loc.gov/MARC21/slim http://www.loc.gov/standards/marcxml/schema/MARC21slim.xsd"><leader>01324nam a2200313 i 4500</leader><controlfield tag="001">991011969419405502</controlfield><controlfield tag="005">20230927104219.0</controlfield><controlfield tag="006">m     o  d        </controlfield><controlfield tag="007">cr |||||||||||</controlfield><controlfield tag="008">241012s2015    fr |    o|||||0|0|||fre d</controlfield><datafield ind1=" " ind2=" " tag="020"><subfield code="a">2-7056-7822-0</subfield></datafield><datafield ind1=" " ind2=" " tag="035"><subfield code="a">(CKB)5720000000176291</subfield></datafield><datafield ind1=" " ind2=" " tag="035"><subfield code="a">(NjHacI)995720000000176291</subfield></datafield><datafield ind1=" " ind2=" " tag="035"><subfield code="a">(FRCAIRNINFO)FRCAIRNINFO-HERM_OUELL_2015_01</subfield></datafield><datafield ind1=" " ind2=" " tag="035"><subfield code="a">(FR-PaCSA)88952169</subfield></datafield><datafield ind1=" " ind2=" " tag="035"><subfield code="a">(FRCYB88952169)88952169</subfield></datafield><datafield ind1=" " ind2=" " tag="035"><subfield code="a">(EXLCZ)995720000000176291</subfield></datafield><datafield ind1=" " ind2=" " tag="040"><subfield code="a">NjHacI</subfield><subfield code="b">eng</subfield><subfield code="e">rda</subfield><subfield code="c">NjHacl</subfield></datafield><datafield ind1="0" ind2=" " tag="041"><subfield code="a">fre</subfield></datafield><datafield ind1=" " ind2="4" tag="050"><subfield code="a">G151</subfield><subfield code="b">.O945 2015</subfield></datafield><datafield ind1="0" ind2="4" tag="082"><subfield code="a">910.202</subfield><subfield code="2">23</subfield></datafield><datafield ind1="1" ind2=" " tag="100"><subfield code="a">Ouellet, Réal,</subfield><subfield code="e">author.</subfield></datafield><datafield ind1="1" ind2="0" tag="245"><subfield code="a">Relation de voyage en Amérique (XVIe-XVIIIe siècles) /</subfield><subfield code="c">Réal Ouellet.</subfield></datafield><datafield ind1=" " ind2=" " tag="246"><subfield code="a">Relation de voyage en Amérique </subfield></datafield><datafield ind1=" " ind2="1" tag="264"><subfield code="a">Paris :</subfield><subfield code="b">Hermann,</subfield><subfield code="c">2015.</subfield></datafield><datafield ind1=" " ind2=" " tag="300"><subfield code="a">1 online resource (165 pages).</subfield></datafield><datafield ind1=" " ind2=" " tag="336"><subfield code="a">text</subfield><subfield code="b">txt</subfield><subfield code="2">rdacontent</subfield></datafield><datafield ind1=" " ind2=" " tag="337"><subfield code="a">computer</subfield><subfield code="b">c</subfield><subfield code="2">rdamedia</subfield></datafield><datafield ind1=" " ind2=" " tag="338"><subfield code="a">online resource</subfield><subfield code="b">cr</subfield><subfield code="2">rdacarrier</subfield></datafield><datafield ind1="1" ind2=" " tag="490"><subfield code="a">Collections de la République des lettres</subfield></datafield><datafield ind1=" " ind2=" " tag="588"><subfield code="a">Description based on publisher supplied metadata and other sources.</subfield></datafield><datafield ind1="0" ind2=" " tag="505"><subfield code="a">Introduction -- Le pacte viatique -- La mise en texte : du voyage à l'écriture -- Le récit d'une aventure -- La description d'un nouveau monde -- Le commentaire -- La parole rapportée -- Le sujet scripteur -- Conclusion -- Bibliographie -- Index onomastique -- Index thématique.</subfield></datafield><datafield ind1=" " ind2=" " tag="520"><subfield code="a">La relation de voyage a connu une belle carrière dans le monde occidental depuis les temps bibliques jusqu'à nos jours. Thématiquement, elle a créé ou réactivé certains mythes importants : le Paradis terrestre, le Bon Sauvage, le Sage Chinois... Formellement, elle s'apparente à de grands genres en prose comme l'histoire, la géographie, l'épopée, le traité de sciences naturelles et surtout le roman (ou le cinéma), auquel elle emprunte une triple démarche : narrative, descriptive et commentative. En d'autres termes, elle raconte une histoire, propose une encyclopédie du monde, commente ou discute des idées. De ce point de vue, les textes portant sur l'Amérique, du XVIe au XVIIIe siècle, sont particulièrement riches. Récit d'aventures, inventaire de « curiosités » et réflexion du voyageur, voilà donc ce qui attire le lecteur et le tient en haleine par un questionnement multiple.</subfield></datafield><datafield ind1=" " ind2="0" tag="650"><subfield code="a">Travel.</subfield></datafield><datafield ind1=" " ind2=" " tag="776"><subfield code="z">2-7056-9010-7</subfield></datafield><datafield ind1=" " ind2="0" tag="830"><subfield code="a">Collections de la République des lettres.</subfield><subfield code="p">Sources.</subfield></datafield><datafield ind1=" " ind2=" " tag="906"><subfield code="a">BOOK</subfield></datafield></record>
</metadata></record>