<record><header><identifier>oai:alma.41SLSP_UGE:991011969421505502</identifier><datestamp>2023-11-09T01:45:28Z</datestamp><setSpec>UNIGE_ALL</setSpec></header><metadata>
<record xmlns="http://www.loc.gov/MARC21/slim" xmlns:xsi="http://www.w3.org/2001/XMLSchema-instance" xsi:schemaLocation="http://www.loc.gov/MARC21/slim http://www.loc.gov/standards/marcxml/schema/MARC21slim.xsd"><leader>02338nam a2200349 i 4500</leader><controlfield tag="001">991011969421505502</controlfield><controlfield tag="005">20230929172023.0</controlfield><controlfield tag="006">m     o  d        </controlfield><controlfield tag="007">cr |||||||||||</controlfield><controlfield tag="008">230929s2023    fr      o     000 0 fre d</controlfield><datafield ind1=" " ind2=" " tag="020"><subfield code="a">2-7492-7623-3</subfield></datafield><datafield ind1=" " ind2=" " tag="035"><subfield code="a">(CKB)5600000000591580</subfield></datafield><datafield ind1=" " ind2=" " tag="035"><subfield code="a">(NjHacI)995600000000591580</subfield></datafield><datafield ind1=" " ind2=" " tag="035"><subfield code="a">(PPN)270353860</subfield></datafield><datafield ind1=" " ind2=" " tag="035"><subfield code="a">(EXLCZ)995600000000591580</subfield></datafield><datafield ind1=" " ind2=" " tag="040"><subfield code="a">NjHacI</subfield><subfield code="b">eng</subfield><subfield code="e">rda</subfield><subfield code="c">NjHacl</subfield></datafield><datafield ind1=" " ind2="4" tag="050"><subfield code="a">BF724</subfield><subfield code="b">.P475 2023</subfield></datafield><datafield ind1="0" ind2="4" tag="082"><subfield code="a">155.5</subfield><subfield code="2">23</subfield></datafield><datafield ind1="1" ind2=" " tag="100"><subfield code="a">Périer, Antoine,</subfield><subfield code="e">author.</subfield></datafield><datafield ind1="1" ind2="0" tag="245"><subfield code="a">États du corps à l'adolescence /</subfield><subfield code="c">Antoine Périer.</subfield></datafield><datafield ind1=" " ind2="1" tag="264"><subfield code="a">Toulouse :</subfield><subfield code="b">Érès,</subfield><subfield code="c">2023.</subfield></datafield><datafield ind1=" " ind2=" " tag="300"><subfield code="a">1 online resource (258 pages).</subfield></datafield><datafield ind1=" " ind2=" " tag="336"><subfield code="a">text</subfield><subfield code="b">txt</subfield><subfield code="2">rdacontent</subfield></datafield><datafield ind1=" " ind2=" " tag="337"><subfield code="a">computer</subfield><subfield code="b">c</subfield><subfield code="2">rdamedia</subfield></datafield><datafield ind1=" " ind2=" " tag="338"><subfield code="a">online resource</subfield><subfield code="b">cr</subfield><subfield code="2">rdacarrier</subfield></datafield><datafield ind1="1" ind2=" " tag="490"><subfield code="a">Collection « Le carnet psy »</subfield></datafield><datafield ind1=" " ind2=" " tag="588"><subfield code="a">Description based on publisher supplied metadata and other sources.</subfield></datafield><datafield ind1=" " ind2=" " tag="520"><subfield code="a">« Souligner l'importance du corps à l'adolescence, dans le développement comme dans la clinique, est presque aujourd'hui un lieu commun, à tel point que l'on pourrait un peu rapidement penser que tout a été dit et écrit. Il n'en n'est rien. L'adolescent(e) ne cesse de nous confronter aux énigmes de son développement et de la construction de son identité. Les expressions psychopathologiques que la clinique nous donne à voir, à comprendre, évoluent, et le corps est souvent en première ligne de ces manifestations. Attaques diverses, scarifications, anorexie, dysphorie de genre ... témoignent des butées et impasses de la construction identitaire et de la découverte d'une sexualité qui bouleversent le rapport à soi-même et aux autres. Regroupant les points de vue de spécialistes de l'adolescence dans les champs d'étude anthropologique et social, psychanalytique, clinique, psychopathologique, développemental et thérapeutique, cet ouvrage propose un état des lieux actuels de certains aspects de cette clinique adolescente, de la place que le corps y occupe, ainsi que des effets thérapeutiques que différentes approches centrées sur le corps permettent. »--Quatrième de couverture.</subfield></datafield><datafield ind1=" " ind2="0" tag="650"><subfield code="a">Adolescent psychology.</subfield></datafield><datafield ind1=" " ind2="0" tag="650"><subfield code="a">Adolescent psychotherapy.</subfield></datafield><datafield ind1=" " ind2="0" tag="650"><subfield code="a">Body image in adolescence.</subfield></datafield><datafield ind1=" " ind2=" " tag="776"><subfield code="z">2-7492-7621-7</subfield></datafield><datafield ind1=" " ind2="0" tag="830"><subfield code="a">Collection &quot;Carnet/psy&quot;.</subfield></datafield><datafield ind1=" " ind2=" " tag="906"><subfield code="a">BOOK</subfield></datafield></record>
</metadata></record><record><header status="deleted"><identifier>oai:alma.41SLSP_UGE:991011969423605502</identifier><datestamp>2023-07-05T00:15:30Z</datestamp><setSpec>UNIGE_ALL</setSpec></header></record>