<record><header><identifier>oai:alma.41SLSP_UGE:991011969421105502</identifier><datestamp>2024-04-14T00:13:08Z</datestamp><setSpec>UNIGE_ALL</setSpec></header><metadata>
<record xmlns="http://www.loc.gov/MARC21/slim" xmlns:xsi="http://www.w3.org/2001/XMLSchema-instance" xsi:schemaLocation="http://www.loc.gov/MARC21/slim http://www.loc.gov/standards/marcxml/schema/MARC21slim.xsd"><leader>02159nas--2200601-a-4500</leader><controlfield tag="001">991011969421105502</controlfield><controlfield tag="005">20240413013832.0</controlfield><controlfield tag="008">940120c19899999sa-qx-p-o-----0---a0eng-c</controlfield><datafield ind1="7" ind2=" " tag="016"><subfield code="a">101132064</subfield><subfield code="2">DNLM</subfield></datafield><datafield ind1="7" ind2=" " tag="016"><subfield code="a">009880851</subfield><subfield code="2">Uk</subfield></datafield><datafield ind1=" " ind2=" " tag="022"><subfield code="a">2078-516X</subfield></datafield><datafield ind1=" " ind2=" " tag="035"><subfield code="a">(DE-599)ZDB2475947-8</subfield></datafield><datafield ind1=" " ind2=" " tag="035"><subfield code="a">(CKB)1000000000317810</subfield></datafield><datafield ind1=" " ind2=" " tag="035"><subfield code="a">(CONSER)--2004243619</subfield></datafield><datafield ind1=" " ind2=" " tag="035"><subfield code="a">(EXLCZ)991000000000317810</subfield></datafield><datafield ind1="0" ind2=" " tag="041"><subfield code="a">eng</subfield><subfield code="a">afr</subfield></datafield><datafield ind1=" " ind2=" " tag="042"><subfield code="a">pcc</subfield></datafield><datafield ind1="1" ind2="4" tag="050"><subfield code="a">RC1200</subfield></datafield><datafield ind1="0" ind2="0" tag="060"><subfield code="a">W1</subfield><subfield code="b">SO906Q</subfield></datafield><datafield ind1="0" ind2=" " tag="210"><subfield code="a">S. Afr. j. sports med.</subfield><subfield code="b">(1989)</subfield></datafield><datafield ind1=" " ind2="0" tag="222"><subfield code="a">South African journal of sports medicine</subfield><subfield code="b">(1989)</subfield></datafield><datafield ind1="0" ind2="0" tag="245"><subfield code="a">South African journal of sports medicine.</subfield></datafield><datafield ind1="1" ind2="3" tag="246"><subfield code="a">Sportgeneeskunde</subfield></datafield><datafield ind1="1" ind2="3" tag="246"><subfield code="a">Journal of the SA Sports Medicine Association</subfield></datafield><datafield ind1="1" ind2="3" tag="246"><subfield code="a">Tydskrif van die SA Sportgeneeskunde-Vereniging</subfield></datafield><datafield ind1="1" ind2=" " tag="246"><subfield code="a">SAJSM</subfield></datafield><datafield ind1=" " ind2=" " tag="260"><subfield code="a">Pretoria :</subfield><subfield code="b">South African Sports Medicine Association</subfield></datafield><datafield ind1=" " ind2=" " tag="300"><subfield code="a">1 online resource</subfield></datafield><datafield ind1=" " ind2=" " tag="310"><subfield code="a">Four no. a year</subfield></datafield><datafield ind1=" " ind2=" " tag="336"><subfield code="a">text</subfield><subfield code="b">txt</subfield><subfield code="2">rdacontent</subfield></datafield><datafield ind1=" " ind2=" " tag="337"><subfield code="a">computer</subfield><subfield code="b">c</subfield><subfield code="2">rdamedia</subfield></datafield><datafield ind1=" " ind2=" " tag="338"><subfield code="a">online resource</subfield><subfield code="b">cr</subfield><subfield code="2">rdacarrier</subfield></datafield><datafield ind1="1" ind2=" " tag="362"><subfield code="a">Began in 1989.</subfield></datafield><datafield ind1=" " ind2=" " tag="500"><subfield code="a">Refereed/Peer-reviewed</subfield></datafield><datafield ind1="0" ind2=" " tag="506"><subfield code="f">Unrestricted online access</subfield><subfield code="2">star</subfield></datafield><datafield ind1=" " ind2=" " tag="500"><subfield code="a">Imprint varies.</subfield></datafield><datafield ind1=" " ind2=" " tag="515"><subfield code="a">Issues numbered vol. 15 for 2003 follow issues numbered v. 9 for 2002.</subfield></datafield><datafield ind1=" " ind2=" " tag="515"><subfield code="a">Vol. 15 complete in three issues.</subfield></datafield><datafield ind1=" " ind2=" " tag="546"><subfield code="a">Articles chiefly in English; some in Afrikaans.</subfield></datafield><datafield ind1=" " ind2=" " tag="588"><subfield code="a">Description based on: Vol. 5, no. 4 (Nov. 1990); title from cover.</subfield></datafield><datafield ind1=" " ind2=" " tag="588"><subfield code="a">Latest issue consulted: Vol. 15, no. 3 (Dec. 2003).</subfield></datafield><datafield ind1=" " ind2="0" tag="650"><subfield code="a">Sports medicine</subfield><subfield code="v">Periodicals.</subfield></datafield><datafield ind1="1" ind2="2" tag="650"><subfield code="a">Exercise.</subfield></datafield><datafield ind1="2" ind2="2" tag="650"><subfield code="a">Sports.</subfield></datafield><datafield ind1="2" ind2="2" tag="650"><subfield code="a">Athletic Injuries.</subfield></datafield><datafield ind1="2" ind2="2" tag="650"><subfield code="a">Sports Medicine.</subfield></datafield><datafield ind1=" " ind2="7" tag="650"><subfield code="a">Sports medicine.</subfield><subfield code="2">fast</subfield><subfield code="0">(OCoLC)fst01130709</subfield></datafield><datafield ind1=" " ind2=" " tag="653"><subfield code="a">Sabinet African ePublications (SA ePublications)</subfield></datafield><datafield ind1=" " ind2="2" tag="655"><subfield code="a">Periodical.</subfield></datafield><datafield ind1=" " ind2="7" tag="655"><subfield code="a">Periodicals.</subfield><subfield code="2">fast</subfield><subfield code="0">(OCoLC)fst01411641</subfield></datafield><datafield ind1="0" ind2="8" tag="776"><subfield code="i">Print version:</subfield><subfield code="t">South African journal of sports medicine.</subfield><subfield code="x">1015-5163</subfield><subfield code="w">(DLC)  2004243619</subfield><subfield code="w">(OCoLC)29656748</subfield></datafield><datafield ind1="2" ind2=" " tag="710"><subfield code="a">South African Sports Medicine Association.</subfield></datafield><datafield ind1=" " ind2=" " tag="906"><subfield code="a">JOURNAL</subfield></datafield><datafield ind1=" " ind2=" " tag="920"><subfield code="a">exl_impl conversion</subfield></datafield></record>
</metadata></record>