<record><header><identifier>oai:alma.41SLSP_UGE:991011969423205502</identifier><datestamp>2024-06-04T00:51:23Z</datestamp><setSpec>UNIGE_ALL</setSpec></header><metadata>
<record xmlns="http://www.loc.gov/MARC21/slim" xmlns:xsi="http://www.w3.org/2001/XMLSchema-instance" xsi:schemaLocation="http://www.loc.gov/MARC21/slim http://www.loc.gov/standards/marcxml/schema/MARC21slim.xsd"><leader>02096nam a2200493 i 4500</leader><controlfield tag="001">991011969423205502</controlfield><controlfield tag="005">20230328205828.0</controlfield><controlfield tag="006">m|||||o||d||||||||</controlfield><controlfield tag="007">cr#cnu||||||||</controlfield><controlfield tag="008">220805s2022    enk    fob    001|0|eng|d</controlfield><datafield ind1=" " ind2=" " tag="020"><subfield code="a">0-19-199766-8</subfield></datafield><datafield ind1=" " ind2=" " tag="020"><subfield code="a">0-19-269459-6</subfield></datafield><datafield ind1=" " ind2=" " tag="020"><subfield code="a">0-19-196432-8</subfield></datafield><datafield ind1=" " ind2=" " tag="020"><subfield code="a">0-19-269460-X</subfield></datafield><datafield ind1="7" ind2=" " tag="024"><subfield code="a">10.1093/law/9780192868381.001.0001</subfield><subfield code="2">doi</subfield></datafield><datafield ind1=" " ind2=" " tag="035"><subfield code="a">(MiAaPQ)EBC7143740</subfield></datafield><datafield ind1=" " ind2=" " tag="035"><subfield code="a">(Au-PeEL)EBL7143740</subfield></datafield><datafield ind1=" " ind2=" " tag="035"><subfield code="a">(CKB)25430737500041</subfield></datafield><datafield ind1=" " ind2=" " tag="035"><subfield code="a">(PPN)268195617</subfield></datafield><datafield ind1=" " ind2=" " tag="035"><subfield code="a">(StDuBDS)9780191964329</subfield></datafield><datafield ind1=" " ind2=" " tag="035"><subfield code="a">(StDuBDS)9780191997662</subfield></datafield><datafield ind1=" " ind2=" " tag="035"><subfield code="a">(EXLCZ)9925430737500041</subfield></datafield><datafield ind1=" " ind2=" " tag="040"><subfield code="a">StDuBDS</subfield><subfield code="b">eng</subfield><subfield code="c">StDuBDS</subfield><subfield code="e">rda</subfield><subfield code="e">pn</subfield></datafield><datafield ind1=" " ind2="0" tag="050"><subfield code="a">K1005</subfield><subfield code="b">.O96 2022</subfield></datafield><datafield ind1=" " ind2="7" tag="072"><subfield code="a">LAW</subfield><subfield code="2">ukslc</subfield></datafield><datafield ind1=" " ind2="7" tag="072"><subfield code="a">LN</subfield><subfield code="2">thema</subfield></datafield><datafield ind1="0" ind2=" " tag="082"><subfield code="a">343.087</subfield><subfield code="2">23</subfield></datafield><datafield ind1="0" ind2="4" tag="245"><subfield code="a">The Oxford handbook of international trade law /</subfield><subfield code="c">edited by Daniel Bethlehem, Donald McRae, Rodney Neufeld, Isabelle Van Damme.</subfield></datafield><datafield ind1="3" ind2="0" tag="246"><subfield code="a">Handbook of international trade law</subfield></datafield><datafield ind1="3" ind2="0" tag="246"><subfield code="a">International trade law</subfield></datafield><datafield ind1=" " ind2=" " tag="250"><subfield code="a">Second edition.</subfield></datafield><datafield ind1=" " ind2="1" tag="264"><subfield code="a">Oxford :</subfield><subfield code="b">Oxford University Press,</subfield><subfield code="c">2022.</subfield></datafield><datafield ind1=" " ind2=" " tag="300"><subfield code="a">1 online resource (1058 pages)</subfield></datafield><datafield ind1=" " ind2=" " tag="336"><subfield code="a">text</subfield><subfield code="b">txt</subfield><subfield code="2">rdacontent</subfield></datafield><datafield ind1=" " ind2=" " tag="337"><subfield code="a">computer</subfield><subfield code="b">c</subfield><subfield code="2">rdamedia</subfield></datafield><datafield ind1=" " ind2=" " tag="338"><subfield code="a">online resource</subfield><subfield code="b">cr</subfield><subfield code="2">rdacarrier</subfield></datafield><datafield ind1="1" ind2=" " tag="490"><subfield code="a">Oxford public international law</subfield></datafield><datafield ind1=" " ind2=" " tag="521"><subfield code="a">Specialized.</subfield></datafield><datafield ind1="0" ind2="0" tag="505"><subfield code="t">Pacific Trade /</subfield><subfield code="r">Yuka Fukunaga, Pasha L. Hsieh --</subfield><subfield code="t">Trans-Atlantic Trade: The Comprehensive Economic and Trade Agreement between Canada and the European Union and its Member States /</subfield><subfield code="r">Colin Brown, Sylvie Tabet --</subfield><subfield code="t">Trade Law in Europe /</subfield><subfield code="r">Holger Hestermeyer --</subfield><subfield code="t">International Trade Policy in Latin America (Pacific Alliance-MERCOSUR) /</subfield><subfield code="r">Jorge Luis Changanaquí Miranda, John Cusipuma --</subfield><subfield code="t">Trade and Investment Liberalization: The Case of China /</subfield><subfield code="r">Henry Gao --</subfield><subfield code="t">Eurasian Economic Union and Trade and Investment Liberalization /</subfield><subfield code="r">Maria Trunk-Fedorova --</subfield><subfield code="t">Africa and Trade and Investment Liberalization /</subfield><subfield code="r">Kholofelo Kugler, Mulualem Getachew Adgeh --</subfield><subfield code="t">An introduction to core principles of international trade law /</subfield><subfield code="r">Nicolas Lockhart, Katherine Connolly --</subfield><subfield code="t">Trade in Goods /</subfield><subfield code="r">Ricardo Ramirez --</subfield><subfield code="t">Trade in Services /</subfield><subfield code="r">Chantal Ononaiwu --</subfield><subfield code="t">Introduction /</subfield><subfield code="r">Sir Daniel Bethlehem, Donald McRae, Rodney Neufeld, Isabelle Van Damme --</subfield><subfield code="t">The Relationship Between Intellectual Property and Trade Through the Lens of Geographical Indications: The Journey Before, During and After the TRIPS Agreement /</subfield><subfield code="r">Irene Calboli --</subfield><subfield code="t">Trade in Agriculture /</subfield><subfield code="r">Fiona Smith --</subfield><subfield code="t">Trade Remedies in International Trade /</subfield><subfield code="r">Hugo Perezcano Díaz --</subfield><subfield code="t">Development, Aid and Preferential Systems /</subfield><subfield code="r">Jan Yves Remy, Alicia Nicholls --</subfield><subfield code="t">Progressive Trade: Labour and Gender /</subfield><subfield code="r">Marcus Gustafsson, Amrita Bahri --</subfield><subfield code="t">Balancing market and non-market objectives: access to medicines /</subfield><subfield code="r">Jayashree Watal --</subfield><subfield code="t">Environment /</subfield><subfield code="r">Damilola S. Olawuyi --</subfield><subfield code="t">Food Safety: Balancing SPS Scientific Principles and Article XX(b) Sovereignty /</subfield><subfield code="r">Marsha Echols --</subfield><subfield code="t">National security /</subfield><subfield code="r">Isabelle Van Damme --</subfield><subfield code="t">Privacy and Data protection /</subfield><subfield code="r">Mira Burri --</subfield><subfield code="t">The development of the regulation of international trade: the past and the future /</subfield><subfield code="r">Donald McRae --</subfield><subfield code="t">Digital trade /</subfield><subfield code="r">Shi-yi Peng --</subfield><subfield code="t">State-Owned Enterprises (SOEs): A Trans-Pacific Partnership (TPP) Agreement Experience in Developing New Disciplines in the New World Order /</subfield><subfield code="r">Juliana Nam --</subfield><subfield code="t">Fisheries /</subfield><subfield code="r">Margaret A. Young --</subfield><subfield code="t">Investment Law's Monstrous Reform /</subfield><subfield code="r">Rodney Neufeld --</subfield><subfield code="t">Financial services law /</subfield><subfield code="r">Rosa M. Lastra, Marco Bodellini --</subfield><subfield code="t">Institutions /</subfield><subfield code="r">Hon. Justice David Unterhalter, Erika Schneidereit --</subfield><subfield code="t">Interpretation /</subfield><subfield code="r">Peter Van den Bossche, Parika Ganeriwal --</subfield><subfield code="t">Jurisdiction and Applicable Law in the WTO and Free Trade Agreements /</subfield><subfield code="r">Lorand Bartels --</subfield><subfield code="t">Remedies and Compliance /</subfield><subfield code="r">Geraldo Vidigal --</subfield><subfield code="t">Procedural and evidentiary issues /</subfield><subfield code="r">Andreas Sennekamp, Federico Ortino --</subfield><subfield code="t">The regulation of international trade: an economic perspective /</subfield><subfield code="r">Kamal Saggi, Simon Schropp --</subfield><subfield code="t">Stakeholders in International Trade Law Dispute Settlement /</subfield><subfield code="r">Todd Friedbacher, Katherine Connolly --</subfield><subfield code="t">Alternative Dispute Settlement in the GATT and the WTO /</subfield><subfield code="r">Amy Porges --</subfield><subfield code="t">The International Trading System-Looking to 2100 /</subfield><subfield code="r">Sir Daniel Bethlehem --</subfield><subfield code="t">The sources of international trade law /</subfield><subfield code="r">Matthew Kennedy --</subfield><subfield code="t">International trade law institutions /</subfield><subfield code="r">James Flett, Mislav Mataija --</subfield><subfield code="t">The Influence of International Trade Law on International Law /</subfield><subfield code="r">James Crawford, Freya Baetens --</subfield><subfield code="t">The regulation of international trade and (democratic) legitimacy /</subfield><subfield code="r">Manfred Elsig --</subfield><subfield code="t">North American Trade: NAFTA and US-Caused Global Trade Tensions /</subfield><subfield code="r">Robert Brookfield, Lori Di Pierdomenico.</subfield></datafield><datafield ind1=" " ind2=" " tag="500"><subfield code="a">This edition also issued in print: 2022.</subfield></datafield><datafield ind1=" " ind2=" " tag="500"><subfield code="a">Previous edition: 2009.</subfield></datafield><datafield ind1=" " ind2=" " tag="504"><subfield code="a">Includes bibliographical references and index.</subfield></datafield><datafield ind1="8" ind2=" " tag="520"><subfield code="a">'The Oxford Handbook of International Trade Law' offers extensive analysis and critique on the principles of modern international trade law, considering the systems of trade between nations in their economic and institutional contexts.</subfield></datafield><datafield ind1=" " ind2=" " tag="588"><subfield code="a">Description based on print version record.</subfield></datafield><datafield ind1=" " ind2="0" tag="650"><subfield code="a">Foreign trade regulation.</subfield></datafield><datafield ind1=" " ind2="7" tag="650"><subfield code="a">Law.</subfield><subfield code="2">ukslc</subfield></datafield><datafield ind1=" " ind2="7" tag="650"><subfield code="a">Laws of specific jurisdictions &amp; specific areas of law.</subfield><subfield code="2">thema</subfield></datafield><datafield ind1=" " ind2=" " tag="776"><subfield code="z">0-19-286838-1</subfield></datafield><datafield ind1="1" ind2=" " tag="700"><subfield code="a">Bethlehem, D. L.</subfield><subfield code="q">(Daniel L.),</subfield><subfield code="e">editor.</subfield></datafield><datafield ind1="1" ind2=" " tag="700"><subfield code="a">McRae, D. M.</subfield><subfield code="q">(Donald Malcolm),</subfield><subfield code="e">editor.</subfield></datafield><datafield ind1="1" ind2=" " tag="700"><subfield code="a">Neufeld, Rodney,</subfield><subfield code="e">editor.</subfield></datafield><datafield ind1="1" ind2=" " tag="700"><subfield code="a">Van Damme, Isabelle,</subfield><subfield code="e">editor.</subfield></datafield><datafield ind1=" " ind2="0" tag="830"><subfield code="a">Oxford public international law.</subfield></datafield><datafield ind1=" " ind2=" " tag="906"><subfield code="a">BOOK</subfield></datafield></record>
</metadata></record>