<record><header><identifier>oai:alma.41SLSP_UGE:991000020689705502</identifier><datestamp>2023-03-22T01:25:31Z</datestamp><setSpec>uge_bcen_RapidILL_BOOK</setSpec><setSpec>uge_aaca_RapidILL_BOOK</setSpec><setSpec>uge_abels_RapidILL_BOOK</setSpec><setSpec>uge_dbu_RapidILL_BOOK</setSpec><setSpec>uge_cmu_RapidILL_BOOK</setSpec><setSpec>uge_mail_RapidILL_BOOK</setSpec><setSpec>uge_abbat_RapidILL_BOOK</setSpec><setSpec>UNIGE_ALL</setSpec><setSpec>uge_aobs_RapidILL_BOOK</setSpec><setSpec>uge_acar_RapidILL_BOOK</setSpec></header><metadata>
<record xmlns="http://www.loc.gov/MARC21/slim" xmlns:xsi="http://www.w3.org/2001/XMLSchema-instance" xsi:schemaLocation="http://www.loc.gov/MARC21/slim http://www.loc.gov/standards/marcxml/schema/MARC21slim.xsd"><leader>01610nam a2200457 c 4500</leader><controlfield tag="001">991000020689705502</controlfield><controlfield tag="005">20230321221545.0</controlfield><controlfield tag="008">201011s1972    xxk||||| |||| 00| ||eng d</controlfield><datafield ind1=" " ind2=" " tag="020"><subfield code="a">0582524954</subfield></datafield><datafield ind1=" " ind2=" " tag="035"><subfield code="a">(swissbib)214876187-41slsp_network</subfield></datafield><datafield ind1=" " ind2=" " tag="035"><subfield code="a">214876187</subfield><subfield code="9">ExL</subfield></datafield><datafield ind1=" " ind2=" " tag="035"><subfield code="a">(RERO)1036352-41slsp</subfield></datafield><datafield ind1=" " ind2=" " tag="035"><subfield code="a">(NEBIS)002859189EBI01</subfield></datafield><datafield ind1=" " ind2=" " tag="035"><subfield code="a">(NEBIS)009503115EBI01</subfield></datafield><datafield ind1=" " ind2=" " tag="035"><subfield code="a">(IDSBB)004935517DSV01</subfield></datafield><datafield ind1=" " ind2=" " tag="035"><subfield code="a">(EXLNZ-41SLSP_NETWORK)991090334619705501</subfield></datafield><datafield ind1=" " ind2=" " tag="040"><subfield code="a">RERO geullg</subfield><subfield code="d">CH-ZuSLS</subfield></datafield><datafield ind1=" " ind2="7" tag="072"><subfield code="a">lg</subfield><subfield code="2">rero</subfield></datafield><datafield ind1="0" ind2="0" tag="082"><subfield code="a">415</subfield></datafield><datafield ind1=" " ind2=" " tag="084"><subfield code="a">ER 535</subfield><subfield code="2">rvk</subfield></datafield><datafield ind1=" " ind2=" " tag="084"><subfield code="a">ET 160</subfield><subfield code="2">rvk</subfield></datafield><datafield ind1=" " ind2=" " tag="084"><subfield code="a">FZ 65503</subfield><subfield code="2">rvk</subfield></datafield><datafield ind1="0" ind2=" " tag="100"><subfield code="a">Thomas</subfield><subfield code="c">de Erfordia</subfield><subfield code="d">ca. 14. Jh.</subfield><subfield code="0">(DE-588)118802011</subfield><subfield code="6">880-01</subfield></datafield><datafield ind1="0" ind2=" " tag="880"><subfield code="a">Thomas</subfield><subfield code="c">von Erfurt</subfield><subfield code="0">(RERO)A000161894</subfield><subfield code="4">cre</subfield><subfield code="6">100-01</subfield></datafield><datafield ind1="1" ind2="0" tag="245"><subfield code="a">Grammatica speculativa</subfield><subfield code="c">Thomas of Erfurt ; with transl. and commentary by G.L. Bursill-Hall</subfield></datafield><datafield ind1=" " ind2="1" tag="264"><subfield code="a">London</subfield><subfield code="b">Longman</subfield><subfield code="c">1972</subfield></datafield><datafield ind1=" " ind2=" " tag="300"><subfield code="a">XII, 340 S.</subfield><subfield code="c">23 cm</subfield></datafield><datafield ind1=" " ind2=" " tag="336"><subfield code="b">txt</subfield><subfield code="2">rdacontent</subfield></datafield><datafield ind1=" " ind2=" " tag="337"><subfield code="b">n</subfield><subfield code="2">rdamedia</subfield></datafield><datafield ind1=" " ind2=" " tag="338"><subfield code="b">nc</subfield><subfield code="2">rdacarrier</subfield></datafield><datafield ind1="1" ind2=" " tag="490"><subfield code="a">The classics of linguistics</subfield></datafield><datafield ind1="0" ind2="7" tag="600"><subfield code="a">Thomas</subfield><subfield code="c">de Erfordia</subfield><subfield code="d">ca. 14. Jh.</subfield><subfield code="0">(DE-588)118802011</subfield><subfield code="2">gnd</subfield></datafield><datafield ind1=" " ind2="7" tag="650"><subfield code="a">Grammaire spéculative</subfield><subfield code="0">(IDREF)027613828</subfield><subfield code="2">idref</subfield></datafield><datafield ind1=" " ind2="7" tag="650"><subfield code="a">Spekulative Grammatik</subfield><subfield code="0">(DE-588)4236111-4</subfield><subfield code="2">gnd</subfield></datafield><datafield ind1=" " ind2="0" tag="650"><subfield code="a">Grammar, Comparative and general</subfield></datafield><datafield ind1=" " ind2="0" tag="650"><subfield code="a">Latin language</subfield><subfield code="x">Grammar</subfield><subfield code="v">Early works to 1500</subfield></datafield><datafield ind1=" " ind2="0" tag="650"><subfield code="a">Linguistics</subfield><subfield code="x">History</subfield></datafield><datafield ind1=" " ind2="0" tag="650"><subfield code="a">Speculative grammar</subfield></datafield><datafield ind1="1" ind2=" " tag="700"><subfield code="a">Bursill-Hall, Geoffrey L.</subfield><subfield code="0">(IDREF)02896179X</subfield></datafield><datafield ind1=" " ind2=" " tag="830"><subfield code="a">&lt;&lt;The&gt;&gt; classics of linguistics</subfield><subfield code="w">(RERO)1036414-41slsp</subfield></datafield><datafield ind1=" " ind2=" " tag="900"><subfield code="a">REROnoselfmerge</subfield></datafield><datafield ind1=" " ind2=" " tag="900"><subfield code="a">IDSZRMedeaZBZ</subfield><subfield code="b">IDSZRSWK</subfield></datafield></record>
</metadata></record>