<record><header><identifier>oai:alma.41SLSP_UGE:991000020789705502</identifier><datestamp>2024-10-25T00:07:26Z</datestamp><setSpec>uge_bcen_RapidILL_BOOK</setSpec><setSpec>uge_aaca_RapidILL_BOOK</setSpec><setSpec>uge_abels_RapidILL_BOOK</setSpec><setSpec>uge_dbu_RapidILL_BOOK</setSpec><setSpec>uge_cmu_RapidILL_BOOK</setSpec><setSpec>uge_mail_RapidILL_BOOK</setSpec><setSpec>uge_abbat_RapidILL_BOOK</setSpec><setSpec>UNIGE_ALL</setSpec><setSpec>uge_acar_RapidILL_BOOK</setSpec><setSpec>uge_aobs_RapidILL_BOOK</setSpec></header><metadata>
<record xmlns="http://www.loc.gov/MARC21/slim" xmlns:xsi="http://www.w3.org/2001/XMLSchema-instance" xsi:schemaLocation="http://www.loc.gov/MARC21/slim http://www.loc.gov/standards/marcxml/schema/MARC21slim.xsd"><leader>01761nam a2200433 c 4500</leader><controlfield tag="001">991000020789705502</controlfield><controlfield tag="005">20230328213727.0</controlfield><controlfield tag="008">110815s2011    fr ||||| |||| 00| ||fre d</controlfield><datafield ind1=" " ind2=" " tag="020"><subfield code="a">9782130590316</subfield></datafield><datafield ind1="7" ind2=" " tag="024"><subfield code="a">http://catalogue.bnf.fr/ark:/12148/cb42539756z</subfield><subfield code="2">uri</subfield></datafield><datafield ind1=" " ind2=" " tag="035"><subfield code="a">(swissbib)114127727-41slsp_network</subfield></datafield><datafield ind1=" " ind2=" " tag="035"><subfield code="a">114127727</subfield><subfield code="9">ExL</subfield></datafield><datafield ind1=" " ind2=" " tag="035"><subfield code="a">(RERO)R006126096-41slsp</subfield></datafield><datafield ind1=" " ind2=" " tag="035"><subfield code="a">(EXLNZ-41SLSP_NETWORK)991001754279705501</subfield></datafield><datafield ind1=" " ind2=" " tag="040"><subfield code="a">Sz</subfield><subfield code="d">CH-ZuSLS</subfield></datafield><datafield ind1="1" ind2=" " tag="041"><subfield code="a">fre</subfield><subfield code="h">ita</subfield></datafield><datafield ind1=" " ind2="7" tag="072"><subfield code="a">ps</subfield><subfield code="2">rero</subfield></datafield><datafield ind1="1" ind2=" " tag="080"><subfield code="a">159.94</subfield></datafield><datafield ind1="0" ind2="0" tag="082"><subfield code="a">618.928 914</subfield></datafield><datafield ind1="1" ind2=" " tag="100"><subfield code="a">Muratori, Filippo</subfield><subfield code="c">professeur associé de psychiatrie de l'enfant et de l'adolescent</subfield><subfield code="d">19..-...</subfield><subfield code="0">(IDREF)156629631</subfield><subfield code="4">cre</subfield></datafield><datafield ind1="1" ind2="0" tag="245"><subfield code="a">Manuel de psychothérapie brève des troubles émotionnels de l'enfant</subfield><subfield code="c">Filippo Muratori et Francisco Palacio Espasa ; en collaboration avec Lara Picchi, Gabriella Bruni, Maria Grazia Patarnello ; traduit de l'italien par Catherine Hamon</subfield></datafield><datafield ind1=" " ind2="1" tag="264"><subfield code="a">Paris</subfield><subfield code="b">Presses universitaires de France</subfield><subfield code="c">2011</subfield></datafield><datafield ind1=" " ind2=" " tag="300"><subfield code="a">250 p.</subfield><subfield code="b">ill., couv. ill. en coul.</subfield><subfield code="c">22 cm</subfield></datafield><datafield ind1=" " ind2=" " tag="336"><subfield code="b">txt</subfield><subfield code="2">rdacontent</subfield></datafield><datafield ind1=" " ind2=" " tag="337"><subfield code="b">n</subfield><subfield code="2">rdamedia</subfield></datafield><datafield ind1=" " ind2=" " tag="338"><subfield code="b">nc</subfield><subfield code="2">rdacarrier</subfield></datafield><datafield ind1="0" ind2=" " tag="490"><subfield code="a">Le fil rouge. Section 2. Psychanalyse et psychiatrie de l'enfant</subfield></datafield><datafield ind1=" " ind2=" " tag="500"><subfield code="a">Bibliogr. p. 241-250</subfield></datafield><datafield ind1=" " ind2="7" tag="650"><subfield code="a">Enfants</subfield><subfield code="0">(IDREF)027233278</subfield><subfield code="2">idref</subfield></datafield><datafield ind1=" " ind2="7" tag="650"><subfield code="a">Émotions</subfield><subfield code="0">(IDREF)027387402</subfield><subfield code="2">idref</subfield></datafield><datafield ind1=" " ind2="7" tag="650"><subfield code="a">Psychothérapie brève</subfield><subfield code="0">(IDREF)030439094</subfield><subfield code="2">idref</subfield></datafield><datafield ind1=" " ind2="7" tag="650"><subfield code="a">enfant</subfield><subfield code="0">(RERO)A009953930</subfield><subfield code="2">rerovoc</subfield></datafield><datafield ind1="1" ind2=" " tag="700"><subfield code="a">Bruni, Gabriella</subfield><subfield code="0">(IDREF)156629992</subfield></datafield><datafield ind1="1" ind2=" " tag="700"><subfield code="a">Hamon, Catherine</subfield><subfield code="c">traductrice</subfield><subfield code="d">19..-....</subfield><subfield code="0">(IDREF)156629852</subfield></datafield><datafield ind1="1" ind2=" " tag="700"><subfield code="a">Patarnello, Maria Grazia</subfield><subfield code="0">(IDREF)156630044</subfield></datafield><datafield ind1="1" ind2=" " tag="700"><subfield code="a">Picchi, Lara</subfield><subfield code="0">(IDREF)156629968</subfield></datafield><datafield ind1="1" ind2=" " tag="700"><subfield code="a">Palacio Espasa, Francisco</subfield><subfield code="d">1942-....</subfield><subfield code="0">(IDREF)028614712</subfield></datafield><datafield ind1=" " ind2=" " tag="900"><subfield code="a">REROnoselfmerge</subfield></datafield><datafield ind1=" " ind2=" " tag="910"><subfield code="a">BN</subfield><subfield code="b">20110815</subfield></datafield><datafield ind1=" " ind2=" " tag="910"><subfield code="a">BNF</subfield><subfield code="b">20111130</subfield><subfield code="c">Droits réservés</subfield></datafield></record>
</metadata></record>