<record><header><identifier>oai:alma.41SLSP_UGE:991000021199705502</identifier><datestamp>2023-04-12T00:12:10Z</datestamp><setSpec>uge_bcen_RapidILL_BOOK</setSpec><setSpec>uge_aaca_RapidILL_BOOK</setSpec><setSpec>uge_abels_RapidILL_BOOK</setSpec><setSpec>uge_dbu_RapidILL_BOOK</setSpec><setSpec>uge_cmu_RapidILL_BOOK</setSpec><setSpec>uge_mail_RapidILL_BOOK</setSpec><setSpec>uge_abbat_RapidILL_BOOK</setSpec><setSpec>UNIGE_ALL</setSpec><setSpec>uge_acar_RapidILL_BOOK</setSpec><setSpec>uge_aobs_RapidILL_BOOK</setSpec></header><metadata>
<record xmlns="http://www.loc.gov/MARC21/slim" xmlns:xsi="http://www.w3.org/2001/XMLSchema-instance" xsi:schemaLocation="http://www.loc.gov/MARC21/slim http://www.loc.gov/standards/marcxml/schema/MARC21slim.xsd"><leader>03584nam a2200913 c 4500</leader><controlfield tag="001">991000021199705502</controlfield><controlfield tag="005">20230411205436.0</controlfield><controlfield tag="008">201011s2007    gw ||||| |||| 00| ||eng d</controlfield><datafield ind1=" " ind2=" " tag="015"><subfield code="a">GFR-CIP-07,N09,1110</subfield><subfield code="a">DNB-07,A28,1074</subfield></datafield><datafield ind1="7" ind2=" " tag="016"><subfield code="a">98297132X</subfield><subfield code="2">GyFmDB</subfield></datafield><datafield ind1=" " ind2=" " tag="020"><subfield code="a">9783540712367</subfield><subfield code="c">Pp. : EUR 96.25 (freier Pr.), sfr 147.50 (freier Pr.)</subfield></datafield><datafield ind1=" " ind2=" " tag="020"><subfield code="a">3540712364</subfield><subfield code="c">Pp. : EUR 96.25 (freier Pr.), sfr 147.50 (freier Pr.)</subfield></datafield><datafield ind1=" " ind2=" " tag="020"><subfield code="a">9783540712374</subfield><subfield code="q">eBook</subfield></datafield><datafield ind1="7" ind2=" " tag="024"><subfield code="a">http://catalogue.bnf.fr/ark:/12148/cb41011261t</subfield><subfield code="2">uri</subfield></datafield><datafield ind1="0" ind2="2" tag="028"><subfield code="a">Best.-Nr. 11755647</subfield></datafield><datafield ind1=" " ind2=" " tag="035"><subfield code="a">(swissbib)213985942-41slsp_network</subfield></datafield><datafield ind1=" " ind2=" " tag="035"><subfield code="a">213985942</subfield><subfield code="9">ExL</subfield></datafield><datafield ind1=" " ind2=" " tag="035"><subfield code="a">(RERO)R004754415-41slsp</subfield></datafield><datafield ind1=" " ind2=" " tag="035"><subfield code="a">(IDSBB)004274665DSV01</subfield></datafield><datafield ind1=" " ind2=" " tag="035"><subfield code="a">(NEBIS)005352070EBI01</subfield></datafield><datafield ind1=" " ind2=" " tag="035"><subfield code="a">(EXLNZ-41SLSP_NETWORK)991054797559705501</subfield></datafield><datafield ind1=" " ind2=" " tag="040"><subfield code="a">RERO geusst</subfield><subfield code="d">CH-ZuSLS</subfield></datafield><datafield ind1="0" ind2=" " tag="041"><subfield code="a">eng</subfield></datafield><datafield ind1=" " ind2="7" tag="072"><subfield code="a">st</subfield><subfield code="2">rero</subfield></datafield><datafield ind1=" " ind2="7" tag="072"><subfield code="a">ge</subfield><subfield code="2">SzZuIDS BS/BE</subfield></datafield><datafield ind1=" " ind2="7" tag="072"><subfield code="a">mt</subfield><subfield code="2">SzZuIDS BS/BE</subfield></datafield><datafield ind1="0" ind2="4" tag="082"><subfield code="a">550</subfield><subfield code="2">23</subfield></datafield><datafield ind1="0" ind2="4" tag="082"><subfield code="a">551.015118</subfield><subfield code="2">22</subfield></datafield><datafield ind1="0" ind2="4" tag="082"><subfield code="a">551.1/0151</subfield><subfield code="2">22</subfield></datafield><datafield ind1="0" ind2="4" tag="082"><subfield code="a">551</subfield><subfield code="2">22</subfield></datafield><datafield ind1="1" ind2="4" tag="082"><subfield code="a">551.13</subfield><subfield code="2">22</subfield></datafield><datafield ind1="1" ind2="4" tag="082"><subfield code="a">510</subfield><subfield code="2">15</subfield></datafield><datafield ind1=" " ind2=" " tag="084"><subfield code="a">13</subfield><subfield code="2">ssgn</subfield></datafield><datafield ind1=" " ind2=" " tag="084"><subfield code="a">RB 10121</subfield><subfield code="2">rvk</subfield></datafield><datafield ind1=" " ind2=" " tag="084"><subfield code="a">TG 1200</subfield><subfield code="2">rvk</subfield></datafield><datafield ind1="1" ind2=" " tag="100"><subfield code="a">Stüwe, Kurt</subfield><subfield code="d">1959-....</subfield><subfield code="0">(IDREF)068888260</subfield><subfield code="4">cre</subfield></datafield><datafield ind1="1" ind2="0" tag="245"><subfield code="a">Geodynamics of the lithosphere</subfield><subfield code="b">an introduction</subfield><subfield code="c">Kurt Stüwe</subfield></datafield><datafield ind1=" " ind2=" " tag="250"><subfield code="a">Second ed.</subfield></datafield><datafield ind1=" " ind2="1" tag="264"><subfield code="a">Berlin</subfield><subfield code="b">Springer</subfield><subfield code="c">2007</subfield></datafield><datafield ind1=" " ind2=" " tag="300"><subfield code="a">493 p.</subfield><subfield code="b">ill.</subfield></datafield><datafield ind1=" " ind2=" " tag="336"><subfield code="b">txt</subfield><subfield code="2">rdacontent</subfield></datafield><datafield ind1=" " ind2=" " tag="337"><subfield code="b">n</subfield><subfield code="2">rdamedia</subfield></datafield><datafield ind1=" " ind2=" " tag="338"><subfield code="b">nc</subfield><subfield code="2">rdacarrier</subfield></datafield><datafield ind1=" " ind2=" " tag="500"><subfield code="a">URL-Verz. S. 455 - 461. - Literaturverz. S. 463 - 484</subfield></datafield><datafield ind1=" " ind2=" " tag="504"><subfield code="a">Bibliogr. : p. 463-484</subfield></datafield><datafield ind1=" " ind2="7" tag="650"><subfield code="a">Geologie</subfield><subfield code="x">Mathematische Methode</subfield><subfield code="2">idsbb</subfield></datafield><datafield ind1=" " ind2="7" tag="650"><subfield code="a">Geodynamik</subfield><subfield code="x">Mathematisches Modell</subfield><subfield code="2">idsbb</subfield></datafield><datafield ind1=" " ind2="7" tag="650"><subfield code="a">Mathematisches Modell</subfield><subfield code="x">Geodynamik</subfield><subfield code="2">idsbb</subfield></datafield><datafield ind1=" " ind2="7" tag="650"><subfield code="a">Lithosphäre</subfield><subfield code="0">(DE-588)4139001-5</subfield><subfield code="2">gnd</subfield></datafield><datafield ind1=" " ind2="7" tag="650"><subfield code="a">Geodynamik</subfield><subfield code="0">(DE-588)4020212-4</subfield><subfield code="2">gnd</subfield></datafield><datafield ind1=" " ind2="7" tag="650"><subfield code="a">Mathematisches Modell</subfield><subfield code="0">(DE-588)4114528-8</subfield><subfield code="2">gnd</subfield></datafield><datafield ind1=" " ind2="0" tag="650"><subfield code="a">Geology</subfield></datafield><datafield ind1=" " ind2="0" tag="650"><subfield code="a">Physical geography</subfield></datafield><datafield ind1=" " ind2="0" tag="650"><subfield code="a">Thermodynamics</subfield></datafield><datafield ind1=" " ind2="4" tag="650"><subfield code="a">Computational Mathematics and Numerical Analysis</subfield></datafield><datafield ind1=" " ind2="4" tag="650"><subfield code="a">Geology</subfield></datafield><datafield ind1=" " ind2="4" tag="650"><subfield code="a">Geophysics/Geodesy</subfield></datafield><datafield ind1=" " ind2="4" tag="650"><subfield code="a">Geosciences</subfield></datafield><datafield ind1=" " ind2="4" tag="650"><subfield code="a">Thermodynamics</subfield></datafield><datafield ind1=" " ind2="7" tag="650"><subfield code="a">Lithosphäre</subfield><subfield code="2">idszbz</subfield></datafield><datafield ind1=" " ind2="7" tag="650"><subfield code="a">Geodynamik</subfield><subfield code="2">idszbz</subfield></datafield><datafield ind1=" " ind2="0" tag="650"><subfield code="a">Computer science</subfield><subfield code="x">Mathematics</subfield></datafield><datafield ind1=" " ind2="0" tag="650"><subfield code="a">Computational Mathematics and Numerical Analysis</subfield></datafield><datafield ind1=" " ind2="0" tag="650"><subfield code="a">Earth sciences</subfield></datafield><datafield ind1=" " ind2="0" tag="650"><subfield code="a">Geodynamics</subfield><subfield code="x">Mathematics</subfield></datafield><datafield ind1=" " ind2="0" tag="650"><subfield code="a">Geophysics/Geodesy</subfield></datafield><datafield ind1=" " ind2="7" tag="650"><subfield code="a">ENDOGENE UND EXOGENE PROZESSE (GEOLOGIE)</subfield><subfield code="9">ger</subfield><subfield code="0">(ETHUDK)000020003</subfield><subfield code="2">ethudk</subfield></datafield><datafield ind1=" " ind2="7" tag="650"><subfield code="a">ERDKRUSTE + LITHOSPHÄRE + KONTINENTKRUSTE + OZEANKRUSTE + STEINMANTEL (GEOLOGIE)</subfield><subfield code="9">ger</subfield><subfield code="0">(ETHUDK)000020000</subfield><subfield code="2">ethudk</subfield></datafield><datafield ind1=" " ind2="7" tag="650"><subfield code="a">GEOTEKTONIK + TEKTONISCHE STRUKTUREN UND IHRE ELEMENTE (GEOLOGIE)</subfield><subfield code="9">ger</subfield><subfield code="0">(ETHUDK)000020014</subfield><subfield code="2">ethudk</subfield></datafield><datafield ind1=" " ind2="7" tag="650"><subfield code="a">MATHEMATISCHE GEOLOGIE</subfield><subfield code="9">ger</subfield><subfield code="0">(ETHUDK)000049680</subfield><subfield code="2">ethudk</subfield></datafield><datafield ind1=" " ind2="7" tag="650"><subfield code="a">TEKTONISCHE BEWEGUNGEN + TEKTONISCHE STRUKTUREN DER ERDE UND IHRE ELEMENTE (GEOLOGIE)</subfield><subfield code="9">ger</subfield><subfield code="0">(ETHUDK)000020015</subfield><subfield code="2">ethudk</subfield></datafield><datafield ind1=" " ind2="7" tag="655"><subfield code="a">Lehrbuch</subfield><subfield code="2">gnd-content</subfield></datafield><datafield ind1=" " ind2="7" tag="655"><subfield code="a">Lehrbuch</subfield><subfield code="2">idszbz</subfield></datafield><datafield ind1="4" ind2=" " tag="856"><subfield code="3">Inhaltsverzeichnis</subfield><subfield code="u">http://www.ub.unibas.ch/tox/IDSBB/004274665/PDF</subfield><subfield code="q">pdf</subfield></datafield><datafield ind1="4" ind2=" " tag="856"><subfield code="3">Abstract / Autoreninformation</subfield><subfield code="u">https://toc.library.ethz.ch/objects/pdf/000173515_e01_9783540712367_02.pdf</subfield><subfield code="q">pdf</subfield></datafield><datafield ind1=" " ind2=" " tag="900"><subfield code="a">IDSE5E08ANH-2007</subfield></datafield><datafield ind1=" " ind2=" " tag="900"><subfield code="a">IDSZ2zbzmon200708l</subfield><subfield code="c">IDSZ2tres</subfield></datafield><datafield ind1=" " ind2=" " tag="900"><subfield code="d">IDSZ2zbzswk200708b</subfield><subfield code="e">IDSZ2hang</subfield></datafield><datafield ind1=" " ind2=" " tag="949"><subfield code="a">https://toc.library.ethz.ch/objects/pdf/000173515_e01_9783540712367_02.pdf</subfield></datafield><datafield ind1=" " ind2=" " tag="949"><subfield code="a">http://www.ub.unibas.ch/tox/IDSBB/004274665/PDF</subfield></datafield></record>
</metadata></record>