<record><header><identifier>oai:alma.41SLSP_UGE:991000021429705502</identifier><datestamp>2023-03-01T01:09:06Z</datestamp><setSpec>UNIGE_ALL</setSpec></header><metadata>
<record xmlns="http://www.loc.gov/MARC21/slim" xmlns:xsi="http://www.w3.org/2001/XMLSchema-instance" xsi:schemaLocation="http://www.loc.gov/MARC21/slim http://www.loc.gov/standards/marcxml/schema/MARC21slim.xsd"><leader>03677njm a2200613 c 4500</leader><controlfield tag="001">991000021429705502</controlfield><controlfield tag="005">20211105192308.0</controlfield><controlfield tag="007">sd f||g|||||||</controlfield><controlfield tag="008">201011p20012000gw ||n              zxx|d</controlfield><datafield ind1=" " ind2=" " tag="019"><subfield code="a">Datenimport aus BIBDIA ZB Solothurn</subfield><subfield code="5">IDSBB/09.01.2019/A150/bmt</subfield></datafield><datafield ind1="0" ind2="2" tag="028"><subfield code="a">cpo 999 752-2</subfield></datafield><datafield ind1="0" ind2="2" tag="028"><subfield code="a">CPO 999 752-2</subfield></datafield><datafield ind1=" " ind2=" " tag="035"><subfield code="a">(swissbib)231211465-41slsp_network</subfield></datafield><datafield ind1=" " ind2=" " tag="035"><subfield code="a">231211465</subfield><subfield code="9">ExL</subfield></datafield><datafield ind1=" " ind2=" " tag="035"><subfield code="a">(IDSLU)001164614ILU01</subfield></datafield><datafield ind1=" " ind2=" " tag="035"><subfield code="a">(RERO)R006021812-41slsp</subfield></datafield><datafield ind1=" " ind2=" " tag="035"><subfield code="a">(IDSBB)006957048DSV01</subfield></datafield><datafield ind1=" " ind2=" " tag="035"><subfield code="a">(EXLNZ-41SLSP_NETWORK)991115988199705501</subfield></datafield><datafield ind1=" " ind2=" " tag="040"><subfield code="a">SzZuIDS LU LUMHS</subfield><subfield code="e">kids</subfield><subfield code="d">CH-ZuSLS</subfield></datafield><datafield ind1="0" ind2=" " tag="041"><subfield code="a">ger</subfield><subfield code="a">fre</subfield><subfield code="a">eng</subfield></datafield><datafield ind1=" " ind2="7" tag="072"><subfield code="a">480</subfield><subfield code="2">IDS LU</subfield></datafield><datafield ind1=" " ind2="7" tag="072"><subfield code="a">mu</subfield><subfield code="2">rero</subfield></datafield><datafield ind1="1" ind2=" " tag="100"><subfield code="a">Bach, Johann Christian</subfield><subfield code="d">1735-1782</subfield><subfield code="0">(DE-588)118505521</subfield><subfield code="6">880-01</subfield></datafield><datafield ind1="1" ind2=" " tag="880"><subfield code="6">100-01</subfield><subfield code="a">Bach, Johann Christian</subfield><subfield code="d">1735-1782</subfield><subfield code="0">(IDREF)031541887</subfield><subfield code="4">cre</subfield></datafield><datafield ind1="1" ind2="0" tag="240"><subfield code="a">Sinfonien</subfield><subfield code="k">Auswahl</subfield></datafield><datafield ind1="1" ind2="0" tag="245"><subfield code="a">Symphonies op. 18</subfield><subfield code="c">Johann Christian Bach</subfield></datafield><datafield ind1=" " ind2="1" tag="264"><subfield code="a">Georgsmarienhütte</subfield><subfield code="b">cpo</subfield><subfield code="c">[2001]</subfield></datafield><datafield ind1=" " ind2="4" tag="264"><subfield code="c">℗ 2001</subfield></datafield><datafield ind1=" " ind2=" " tag="300"><subfield code="a">1 Compact Disc</subfield><subfield code="e">1 Begleittext</subfield></datafield><datafield ind1=" " ind2=" " tag="336"><subfield code="b">prm</subfield><subfield code="2">rdacontent</subfield></datafield><datafield ind1=" " ind2=" " tag="337"><subfield code="b">s</subfield><subfield code="2">rdamedia</subfield></datafield><datafield ind1=" " ind2=" " tag="338"><subfield code="b">sd</subfield><subfield code="2">rdacarrier</subfield></datafield><datafield ind1=" " ind2=" " tag="500"><subfield code="a">Aufnahme: 2000</subfield></datafield><datafield ind1=" " ind2=" " tag="500"><subfield code="a">Durée: 71 min. 7 sec.</subfield></datafield><datafield ind1=" " ind2=" " tag="500"><subfield code="a">Enregistrement: 2000</subfield></datafield><datafield ind1=" " ind2=" " tag="500"><subfield code="a">Formation: orchestre symphonique ; 2 orchestres symphoniques</subfield></datafield><datafield ind1=" " ind2=" " tag="500"><subfield code="a">Tonalité: Mi bémol majeur ; Si bémol majeur ; Ré majeur ; Mi majeur</subfield></datafield><datafield ind1="0" ind2="0" tag="505"><subfield code="t">Symphony for double orchestra in E-flat major, op. 18, 1 [W C 26]</subfield><subfield code="t">Symphony in B-flat major, op. 18, 2 [W G 9 Overture]</subfield><subfield code="t">Symphony for double orchestra in D major, op. 18, 3 [W G 15 Overture, version b]</subfield><subfield code="t">Symphony in D major, op. 18, 4 [W C 27]</subfield><subfield code="t">Symphony for double orchestra in E major, op. 18, 5 [W C 28]</subfield><subfield code="t">Symphony in D major, op. 18, 6 [W XC 1]</subfield></datafield><datafield ind1="0" ind2=" " tag="505"><subfield code="a">[Ouvertures (6). Orchestre. Op. 18 n° 6. Ré majeur] ; [Ouvertures (6). Double orchestre. Op. 18 n° 3. Ré majeur] ; [Ouvertures (6). Orchestre. Op. 18 n° 2. Si bémol majeur] ; [Ouvertures (6). Orchestre. Op. 18 n° 4. Ré majeur] ; [Ouvertures (6). Double orchestre. Op. 18 n° 1. Mi bémol majeur] ; [Ouvertures (6). Double orchestre. Op. 18 n° 5. Mi majeur]</subfield></datafield><datafield ind1="0" ind2=" " tag="505"><subfield code="a">Sinfonien / Six symphonies / op. 18 (Forster) / Sinfonien Es-dur / Symphony for double orchestra in E-flat major / op. 18,1 (Forster) / C 26 / Sinfonien B-dur / Symphony in B-flat major / op. 18,2 (Forster) / G 9 / Sinfonien D-dur / Symphony for double orchestra in D major / op. 18,3 (Forster) / G 15b / Sinfonien D-dur / Symphony in D major / op. 18,4 (Forster) / C 27 / Sinfonien E-dur / Symphony for double orchetsra in E major / op. 18,5 (Forster) / C 28 / Sinfonien D-dur / Symphony in D major / op. 18,6 (Forster) / XC 1</subfield></datafield><datafield ind1="1" ind2=" " tag="511"><subfield code="a">The Hanover Band ; Anthony Halstead (Dir.)</subfield></datafield><datafield ind1=" " ind2="7" tag="655"><subfield code="a">CD</subfield><subfield code="2">gnd-carrier</subfield></datafield><datafield ind1=" " ind2=" " tag="690"><subfield code="a">Orchestermusik</subfield><subfield code="2">rzs-LB</subfield></datafield><datafield ind1="1" ind2="2" tag="700"><subfield code="a">Bach, Johann Christian</subfield><subfield code="d">1735-1782</subfield><subfield code="t">Sinfonien</subfield><subfield code="0">(DE-588)300004567</subfield><subfield code="k">Auswahl</subfield></datafield><datafield ind1="1" ind2="2" tag="700"><subfield code="a">Bach, Johann Christian</subfield><subfield code="d">1735-1782</subfield><subfield code="t">Sinfonien</subfield><subfield code="n">W C 26-28</subfield><subfield code="p">Nr. 1</subfield><subfield code="0">(DE-588)1052606814</subfield></datafield><datafield ind1="1" ind2="2" tag="700"><subfield code="a">Bach, Johann Christian</subfield><subfield code="d">1735-1782</subfield><subfield code="t">Lucio Silla</subfield><subfield code="p">Sinfonia</subfield><subfield code="0">(DE-588)1097414817</subfield></datafield><datafield ind1="1" ind2="2" tag="700"><subfield code="a">Bach, Johann Christian</subfield><subfield code="d">1735-1782</subfield><subfield code="t">Endimione</subfield><subfield code="p">Sinfonia</subfield><subfield code="0">(DE-588)1123970750</subfield></datafield><datafield ind1="1" ind2="2" tag="700"><subfield code="a">Bach, Johann Christian</subfield><subfield code="d">1735-1782</subfield><subfield code="t">Sinfonien</subfield><subfield code="n">W C 26-28</subfield><subfield code="p">Nr. 4</subfield><subfield code="0">(DE-588)1060922223</subfield></datafield><datafield ind1="1" ind2="2" tag="700"><subfield code="a">Bach, Johann Christian</subfield><subfield code="d">1735-1782</subfield><subfield code="t">Sinfonien</subfield><subfield code="n">W C 26-28</subfield><subfield code="p">Nr. 5</subfield><subfield code="0">(DE-588)300916094</subfield></datafield><datafield ind1="1" ind2=" " tag="700"><subfield code="a">Halstead, Anthony</subfield><subfield code="d">1945-</subfield><subfield code="0">(DE-588)134685466</subfield><subfield code="6">880-08</subfield></datafield><datafield ind1="1" ind2=" " tag="880"><subfield code="a">Halstead, Anthony</subfield><subfield code="0">(RERO)A003343346</subfield><subfield code="6">700-08</subfield></datafield><datafield ind1="2" ind2=" " tag="710"><subfield code="a">Hanover band</subfield><subfield code="0">(IDREF)081260369</subfield></datafield><datafield ind1="2" ind2=" " tag="710"><subfield code="a">&lt;&lt;The&gt;&gt; Hanover Band</subfield><subfield code="0">(DE-588)672303-2</subfield></datafield><datafield ind1="0" ind2=" " tag="730"><subfield code="a">Sinfonien</subfield><subfield code="n">W XC 1</subfield><subfield code="r">D-Dur</subfield><subfield code="0">(DE-588)1075776007</subfield></datafield><datafield ind1=" " ind2=" " tag="900"><subfield code="a">REROnoselfmerge</subfield></datafield><datafield ind1=" " ind2=" " tag="960"><subfield code="2">matmu</subfield><subfield code="a">Allemagne ; Classicisme ; XVIIIe ; Symphonies ; Ouvertures ; Grandes ouvertures ; Double orchestre</subfield><subfield code="9">LOCAL</subfield></datafield><datafield ind1=" " ind2=" " tag="960"><subfield code="2">matmu</subfield><subfield code="a">Bach, Johann Christian</subfield><subfield code="9">LOCAL</subfield></datafield></record>
</metadata></record>