<record><header><identifier>oai:alma.41SLSP_UGE:991000021009705502</identifier><datestamp>2024-03-09T01:30:34Z</datestamp><setSpec>uge_bcen_RapidILL_BOOK</setSpec><setSpec>uge_aaca_RapidILL_BOOK</setSpec><setSpec>uge_abels_RapidILL_BOOK</setSpec><setSpec>uge_dbu_RapidILL_BOOK</setSpec><setSpec>uge_cmu_RapidILL_BOOK</setSpec><setSpec>uge_mail_RapidILL_BOOK</setSpec><setSpec>uge_abbat_RapidILL_BOOK</setSpec><setSpec>UNIGE_ALL</setSpec><setSpec>uge_acar_RapidILL_BOOK</setSpec><setSpec>uge_aobs_RapidILL_BOOK</setSpec></header><metadata>
<record xmlns="http://www.loc.gov/MARC21/slim" xmlns:xsi="http://www.w3.org/2001/XMLSchema-instance" xsi:schemaLocation="http://www.loc.gov/MARC21/slim http://www.loc.gov/standards/marcxml/schema/MARC21slim.xsd"><leader>02891nam a2200697 c 4500</leader><controlfield tag="001">991000021009705502</controlfield><controlfield tag="005">20240308231004.0</controlfield><controlfield tag="008">201011s2012    gw ||||| |||| 10| ||ger d</controlfield><datafield ind1=" " ind2=" " tag="020"><subfield code="a">9783631639672</subfield><subfield code="q">pbk.</subfield></datafield><datafield ind1=" " ind2=" " tag="020"><subfield code="a">3631639678</subfield><subfield code="q">pbk.</subfield></datafield><datafield ind1=" " ind2=" " tag="035"><subfield code="a">(swissbib)231177623-41slsp_network</subfield></datafield><datafield ind1=" " ind2=" " tag="035"><subfield code="a">231177623</subfield><subfield code="9">ExL</subfield></datafield><datafield ind1=" " ind2=" " tag="035"><subfield code="a">(RERO)R007164347-41slsp</subfield></datafield><datafield ind1=" " ind2=" " tag="035"><subfield code="a">(IDSBB)006045020DSV01</subfield></datafield><datafield ind1=" " ind2=" " tag="035"><subfield code="a">(NEBIS)010445188EBI01</subfield></datafield><datafield ind1=" " ind2=" " tag="035"><subfield code="a">(OCoLC)815379956</subfield></datafield><datafield ind1=" " ind2=" " tag="035"><subfield code="a">(ABN)000729489ABN01</subfield></datafield><datafield ind1=" " ind2=" " tag="035"><subfield code="a">(EXLNZ-41SLSP_NETWORK)991061852049705501</subfield></datafield><datafield ind1=" " ind2=" " tag="040"><subfield code="a">RERO frbcuc</subfield><subfield code="d">CH-ZuSLS</subfield></datafield><datafield ind1=" " ind2="7" tag="072"><subfield code="a">at</subfield><subfield code="2">rero</subfield></datafield><datafield ind1=" " ind2="7" tag="072"><subfield code="a">hm</subfield><subfield code="2">rero</subfield></datafield><datafield ind1=" " ind2="7" tag="072"><subfield code="a">ng</subfield><subfield code="2">SzZuIDS BS/BE</subfield></datafield><datafield ind1=" " ind2="7" tag="072"><subfield code="a">ac</subfield><subfield code="2">SzZuIDS BS/BE</subfield></datafield><datafield ind1="0" ind2="4" tag="082"><subfield code="a">723</subfield></datafield><datafield ind1="1" ind2="4" tag="082"><subfield code="a">900</subfield><subfield code="2">15</subfield></datafield><datafield ind1=" " ind2=" " tag="084"><subfield code="a">LH 67445</subfield><subfield code="2">rvk</subfield></datafield><datafield ind1=" " ind2=" " tag="084"><subfield code="a">LK 79445</subfield><subfield code="2">rvk</subfield></datafield><datafield ind1=" " ind2=" " tag="084"><subfield code="a">ND 9300</subfield><subfield code="2">rvk</subfield></datafield><datafield ind1="0" ind2="0" tag="245"><subfield code="a">Symbole der Macht?</subfield><subfield code="b">Aspekte mittelalterlicher und frühneuzeitlicher Architektur</subfield><subfield code="c">Olaf Wagener (Hrsg.)</subfield></datafield><datafield ind1=" " ind2="1" tag="264"><subfield code="a">Frankfurt am Main</subfield><subfield code="b">P. Lang</subfield><subfield code="c">2012</subfield></datafield><datafield ind1=" " ind2=" " tag="300"><subfield code="a">440 S.</subfield><subfield code="b">Abb.</subfield></datafield><datafield ind1=" " ind2=" " tag="336"><subfield code="b">txt</subfield><subfield code="2">rdacontent</subfield></datafield><datafield ind1=" " ind2=" " tag="337"><subfield code="b">n</subfield><subfield code="2">rdamedia</subfield></datafield><datafield ind1=" " ind2=" " tag="338"><subfield code="b">nc</subfield><subfield code="2">rdacarrier</subfield></datafield><datafield ind1="1" ind2=" " tag="490"><subfield code="a">Beihefte zur Mediaevistik</subfield><subfield code="v">Bd. 17</subfield></datafield><datafield ind1=" " ind2=" " tag="500"><subfield code="a">Die 7. Internationale wissenschaftliche Tagung des Freundeskreises Bleidenberg e.V. in Oberfell an der Mosel vom 4.- 6. November 2011</subfield></datafield><datafield ind1=" " ind2="7" tag="648"><subfield code="a">Geschichte 500-1600</subfield><subfield code="2">gnd</subfield></datafield><datafield ind1=" " ind2="7" tag="650"><subfield code="a">Architecture médiévale</subfield><subfield code="0">(IDREF)027287645</subfield><subfield code="2">idref</subfield></datafield><datafield ind1=" " ind2="7" tag="650"><subfield code="a">Architecture de la Renaissance</subfield><subfield code="0">(IDREF)027269744</subfield><subfield code="2">idref</subfield></datafield><datafield ind1=" " ind2="7" tag="650"><subfield code="a">Architecture militaire</subfield><subfield code="0">(IDREF)027259501</subfield><subfield code="2">idref</subfield></datafield><datafield ind1=" " ind2="7" tag="650"><subfield code="a">Pouvoir (philosophie)</subfield><subfield code="0">(IDREF)027291758</subfield><subfield code="2">idref</subfield></datafield><datafield ind1=" " ind2="7" tag="650"><subfield code="a">Architektur</subfield><subfield code="0">(DE-588)4002851-3</subfield><subfield code="2">gnd</subfield></datafield><datafield ind1=" " ind2="7" tag="650"><subfield code="a">Burg</subfield><subfield code="0">(DE-588)4009104-1</subfield><subfield code="2">gnd</subfield></datafield><datafield ind1=" " ind2="7" tag="650"><subfield code="a">Burgenkunde</subfield><subfield code="0">(DE-588)4147011-4</subfield><subfield code="2">gnd</subfield></datafield><datafield ind1=" " ind2="7" tag="650"><subfield code="a">Macht</subfield><subfield code="0">(DE-588)4036824-5</subfield><subfield code="2">gnd</subfield></datafield><datafield ind1=" " ind2="7" tag="651"><subfield code="a">Europa</subfield><subfield code="0">(DE-588)4015701-5</subfield><subfield code="2">gnd</subfield></datafield><datafield ind1=" " ind2="7" tag="655"><subfield code="a">Actes de congrès</subfield><subfield code="0">(IDREF)02886431X</subfield><subfield code="2">idref</subfield></datafield><datafield ind1=" " ind2="7" tag="655"><subfield code="a">Aufsatzsammlung</subfield><subfield code="2">gnd-content</subfield></datafield><datafield ind1=" " ind2="7" tag="655"><subfield code="a">Konferenzschrift</subfield><subfield code="z">Oberfell</subfield><subfield code="y">2011</subfield><subfield code="2">gnd-content</subfield></datafield><datafield ind1=" " ind2=" " tag="690"><subfield code="a">Architektur. Macht</subfield><subfield code="2">uzb-US</subfield></datafield><datafield ind1=" " ind2=" " tag="690"><subfield code="a">Burg. Mittelalter</subfield><subfield code="2">uzb-US</subfield></datafield><datafield ind1=" " ind2=" " tag="690"><subfield code="a">Burg. Renaissance</subfield><subfield code="2">uzb-US</subfield></datafield><datafield ind1=" " ind2=" " tag="690"><subfield code="a">Kongress. Deutschland. Oberfell an der Mosel</subfield><subfield code="2">uzb-US</subfield></datafield><datafield ind1="1" ind2=" " tag="700"><subfield code="a">Wagener, Olaf</subfield><subfield code="d">1977-</subfield><subfield code="0">(DE-588)131737074</subfield><subfield code="6">880-02</subfield></datafield><datafield ind1="1" ind2=" " tag="880"><subfield code="6">700-02</subfield><subfield code="a">Wagener, Olaf</subfield><subfield code="d">1977-....</subfield><subfield code="0">(IDREF)120824493</subfield></datafield><datafield ind1="2" ind2=" " tag="710"><subfield code="a">Freundeskreis Bleidenberg</subfield><subfield code="0">(DE-588)10178063-1</subfield></datafield><datafield ind1="2" ind2=" " tag="710"><subfield code="a">Freundeskreis Bleidenberg (Oberfell an der Mosel)</subfield><subfield code="b">Internationale wissenschaftliche Tagung</subfield><subfield code="n">7</subfield><subfield code="d">2011</subfield><subfield code="c">Oberfell an der Mosel</subfield><subfield code="0">(RERO)A023479386</subfield></datafield><datafield ind1="2" ind2=" " tag="711"><subfield code="a">Freundeskreis Bleidenberg</subfield><subfield code="g">Oberfell</subfield><subfield code="e">Internationale Wissenschaftliche Tagung</subfield><subfield code="0">(DE-588)1092566821</subfield></datafield><datafield ind1=" " ind2="0" tag="830"><subfield code="a">Beihefte zur Mediaevistik</subfield><subfield code="v">17</subfield><subfield code="w">(RERO)R003305950-41slsp</subfield></datafield><datafield ind1="4" ind2=" " tag="856"><subfield code="3">Inhaltsverzeichnis</subfield><subfield code="u">http://www.ub.unibas.ch/tox/SNB/vtls001695903/PDF</subfield><subfield code="q">pdf</subfield></datafield><datafield ind1=" " ind2=" " tag="900"><subfield code="a">REROnoselfmerge</subfield></datafield><datafield ind1=" " ind2=" " tag="949"><subfield code="a">http://www.ub.unibas.ch/tox/SNB/vtls001695903/PDF</subfield></datafield></record>
</metadata></record>