<record><header><identifier>oai:alma.41SLSP_UGE:991000021219705502</identifier><datestamp>2023-10-28T01:49:44Z</datestamp><setSpec>uge_bcen_RapidILL_BOOK</setSpec><setSpec>uge_aaca_RapidILL_BOOK</setSpec><setSpec>uge_abels_RapidILL_BOOK</setSpec><setSpec>uge_dbu_RapidILL_BOOK</setSpec><setSpec>uge_cmu_RapidILL_BOOK</setSpec><setSpec>uge_mail_RapidILL_BOOK</setSpec><setSpec>uge_abbat_RapidILL_BOOK</setSpec><setSpec>UNIGE_ALL</setSpec><setSpec>uge_acar_RapidILL_BOOK</setSpec><setSpec>uge_aobs_RapidILL_BOOK</setSpec></header><metadata>
<record xmlns="http://www.loc.gov/MARC21/slim" xmlns:xsi="http://www.w3.org/2001/XMLSchema-instance" xsi:schemaLocation="http://www.loc.gov/MARC21/slim http://www.loc.gov/standards/marcxml/schema/MARC21slim.xsd"><leader>01515nam a22002657c 4500</leader><controlfield tag="001">991000021219705502</controlfield><controlfield tag="005">20231026095012.0</controlfield><controlfield tag="008">190913s2016    gr            000 1 gre d</controlfield><datafield ind1=" " ind2=" " tag="020"><subfield code="a">9786185004446</subfield></datafield><datafield ind1=" " ind2=" " tag="035"><subfield code="a">(swissbib)125938764-41slsp_network</subfield></datafield><datafield ind1=" " ind2=" " tag="035"><subfield code="a">125938764</subfield><subfield code="9">ExL</subfield></datafield><datafield ind1=" " ind2=" " tag="035"><subfield code="a">(RERO)R008961965-41slsp</subfield></datafield><datafield ind1=" " ind2=" " tag="035"><subfield code="a">(EXLNZ-41SLSP_NETWORK)991023004199705501</subfield></datafield><datafield ind1=" " ind2=" " tag="040"><subfield code="a">RERO geulgm</subfield><subfield code="d">CH-ZuSLS</subfield></datafield><datafield ind1=" " ind2="7" tag="072"><subfield code="a">gr</subfield><subfield code="2">rero</subfield></datafield><datafield ind1="0" ind2=" " tag="100"><subfield code="a">Εὐριπίδης</subfield><subfield code="4">cre</subfield></datafield><datafield ind1="1" ind2="0" tag="245"><subfield code="a">Κύκλωψ</subfield><subfield code="c">εισαγωγή, μετάφραση, σημειώσεις Βάιος Λιαπής</subfield></datafield><datafield ind1=" " ind2="1" tag="264"><subfield code="a">Αθήνα</subfield><subfield code="b">Κίχλη</subfield><subfield code="c">2016</subfield></datafield><datafield ind1=" " ind2=" " tag="300"><subfield code="a">83 p.</subfield><subfield code="e">1 carnet (30 p.)</subfield></datafield><datafield ind1=" " ind2=" " tag="336"><subfield code="b">txt</subfield><subfield code="2">rdacontent</subfield></datafield><datafield ind1=" " ind2=" " tag="337"><subfield code="b">n</subfield><subfield code="2">rdamedia</subfield></datafield><datafield ind1=" " ind2=" " tag="338"><subfield code="b">nc</subfield><subfield code="2">rdacarrier</subfield></datafield><datafield ind1="0" ind2=" " tag="490"><subfield code="a">Αρχαία ελληνική γραμματεία</subfield></datafield><datafield ind1="1" ind2=" " tag="700"><subfield code="6">880-02</subfield><subfield code="a">Liápīs, Váios</subfield><subfield code="d">1972-....</subfield><subfield code="0">(IDREF)127698892</subfield><subfield code="4">win</subfield><subfield code="4">trl</subfield><subfield code="4">ann</subfield></datafield><datafield ind1="1" ind2=" " tag="880"><subfield code="6">700-02/(S</subfield><subfield code="a">Λιαπής, Βάιος</subfield><subfield code="d">1972-....</subfield></datafield><datafield ind1=" " ind2=" " tag="900"><subfield code="a">REROnoselfmerge</subfield></datafield></record>
</metadata></record>