<record><header><identifier>oai:alma.41SLSP_UGE:991000021319705502</identifier><datestamp>2023-03-01T01:09:06Z</datestamp><setSpec>uge_bcen_RapidILL_BOOK</setSpec><setSpec>uge_aaca_RapidILL_BOOK</setSpec><setSpec>uge_abels_RapidILL_BOOK</setSpec><setSpec>uge_dbu_RapidILL_BOOK</setSpec><setSpec>uge_cmu_RapidILL_BOOK</setSpec><setSpec>uge_mail_RapidILL_BOOK</setSpec><setSpec>UNIGE_ALL</setSpec><setSpec>uge_abbat_RapidILL_BOOK</setSpec><setSpec>uge_aobs_RapidILL_BOOK</setSpec><setSpec>uge_acar_RapidILL_BOOK</setSpec></header><metadata>
<record xmlns="http://www.loc.gov/MARC21/slim" xmlns:xsi="http://www.w3.org/2001/XMLSchema-instance" xsi:schemaLocation="http://www.loc.gov/MARC21/slim http://www.loc.gov/standards/marcxml/schema/MARC21slim.xsd"><leader>00802nam a2200277 c 4500</leader><controlfield tag="001">991000021319705502</controlfield><controlfield tag="005">20201230233341.0</controlfield><controlfield tag="008">201011s1955    xxu||||| |||| 00| ||eng d</controlfield><datafield ind1=" " ind2=" " tag="035"><subfield code="a">(swissbib)221650989-41slsp_network</subfield></datafield><datafield ind1=" " ind2=" " tag="035"><subfield code="a">221650989</subfield><subfield code="9">ExL</subfield></datafield><datafield ind1=" " ind2=" " tag="035"><subfield code="a">(RERO)R004596011-41slsp</subfield></datafield><datafield ind1=" " ind2=" " tag="035"><subfield code="a">(NEBIS)002547995EBI01</subfield></datafield><datafield ind1=" " ind2=" " tag="035"><subfield code="a">(EXLNZ-41SLSP_NETWORK)991152668239705501</subfield></datafield><datafield ind1=" " ind2=" " tag="040"><subfield code="a">SZ-GeWHO</subfield><subfield code="d">CH-ZuSLS</subfield></datafield><datafield ind1=" " ind2="4" tag="060"><subfield code="a">W 74</subfield></datafield><datafield ind1=" " ind2="7" tag="072"><subfield code="a">me</subfield><subfield code="2">rero</subfield></datafield><datafield ind1="1" ind2=" " tag="100"><subfield code="a">Davis, Michael Marks</subfield><subfield code="d">1879-1971</subfield><subfield code="0">(IDREF)061794872</subfield><subfield code="4">cre</subfield></datafield><datafield ind1="1" ind2="0" tag="245"><subfield code="a">Medical care for tomorrow</subfield><subfield code="c">by Michael M. Davis</subfield></datafield><datafield ind1=" " ind2="1" tag="264"><subfield code="a">New York</subfield><subfield code="b">Harper</subfield><subfield code="c">1955</subfield></datafield><datafield ind1=" " ind2=" " tag="300"><subfield code="a">1 Band</subfield></datafield><datafield ind1=" " ind2=" " tag="336"><subfield code="b">txt</subfield><subfield code="2">rdacontent</subfield></datafield><datafield ind1=" " ind2=" " tag="337"><subfield code="b">n</subfield><subfield code="2">rdamedia</subfield></datafield><datafield ind1=" " ind2=" " tag="338"><subfield code="b">nc</subfield><subfield code="2">rdacarrier</subfield></datafield><datafield ind1=" " ind2="2" tag="650"><subfield code="a">Economics, Medical</subfield></datafield><datafield ind1=" " ind2="2" tag="650"><subfield code="a">Insurance, Health</subfield></datafield><datafield ind1=" " ind2=" " tag="900"><subfield code="a">REROnoselfmerge</subfield></datafield><datafield ind1=" " ind2=" " tag="900"><subfield code="a">IDSERMedeaSOZARCH</subfield></datafield><datafield ind1=" " ind2=" " tag="990"><subfield code="a">donomshim</subfield><subfield code="9">LOCAL</subfield></datafield></record>
</metadata></record>