<record><header><identifier>oai:alma.41SLSP_UGE:991000021629705502</identifier><datestamp>2023-03-29T00:20:09Z</datestamp><setSpec>uge_bcen_RapidILL_BOOK</setSpec><setSpec>uge_aaca_RapidILL_BOOK</setSpec><setSpec>uge_abels_RapidILL_BOOK</setSpec><setSpec>uge_dbu_RapidILL_BOOK</setSpec><setSpec>uge_cmu_RapidILL_BOOK</setSpec><setSpec>uge_mail_RapidILL_BOOK</setSpec><setSpec>uge_abbat_RapidILL_BOOK</setSpec><setSpec>UNIGE_ALL</setSpec><setSpec>uge_acar_RapidILL_BOOK</setSpec><setSpec>uge_aobs_RapidILL_BOOK</setSpec></header><metadata>
<record xmlns="http://www.loc.gov/MARC21/slim" xmlns:xsi="http://www.w3.org/2001/XMLSchema-instance" xsi:schemaLocation="http://www.loc.gov/MARC21/slim http://www.loc.gov/standards/marcxml/schema/MARC21slim.xsd"><leader>01511nam a2200349uc 4500</leader><controlfield tag="001">991000021629705502</controlfield><controlfield tag="005">20230328200827.0</controlfield><controlfield tag="008">201012s1987    it     |      10| ||ita|d</controlfield><datafield ind1=" " ind2=" " tag="035"><subfield code="a">(swissbib)233262695-41slsp_network</subfield></datafield><datafield ind1=" " ind2=" " tag="035"><subfield code="a">233262695</subfield><subfield code="9">ExL</subfield></datafield><datafield ind1=" " ind2=" " tag="035"><subfield code="a">(NEBIS)000490213EBI01</subfield></datafield><datafield ind1=" " ind2=" " tag="035"><subfield code="a">(RERO)1474556-41slsp</subfield></datafield><datafield ind1=" " ind2=" " tag="035"><subfield code="a">(EXLNZ-41SLSP_NETWORK)991137085779705501</subfield></datafield><datafield ind1=" " ind2=" " tag="040"><subfield code="a">ETH-BIB</subfield><subfield code="b">ger</subfield><subfield code="e">ETHICS-ISBD</subfield><subfield code="d">CH-ZuSLS</subfield></datafield><datafield ind1=" " ind2="7" tag="072"><subfield code="a">as</subfield><subfield code="2">rero</subfield></datafield><datafield ind1="0" ind2="0" tag="245"><subfield code="a">Variability of galactic and extragalactic x-ray sources</subfield><subfield code="b">proceedings of an international symposium held in Villa Olmo, Como (Italy), October 20-22, 1986</subfield><subfield code="c">ed. by Aldo Treves</subfield></datafield><datafield ind1=" " ind2="1" tag="264"><subfield code="a">Milano [etc.]</subfield><subfield code="b">Associazione per l'Avanzamento dell'Astronomia</subfield><subfield code="c">1987</subfield></datafield><datafield ind1=" " ind2=" " tag="300"><subfield code="a">XI, 279 S.</subfield><subfield code="c">25 cm</subfield><subfield code="b">Ill.</subfield></datafield><datafield ind1=" " ind2=" " tag="336"><subfield code="b">txt</subfield><subfield code="2">rdacontent</subfield></datafield><datafield ind1=" " ind2=" " tag="337"><subfield code="b">n</subfield><subfield code="2">rdamedia</subfield></datafield><datafield ind1=" " ind2=" " tag="338"><subfield code="b">nc</subfield><subfield code="2">rdacarrier</subfield></datafield><datafield ind1="0" ind2=" " tag="490"><subfield code="a">Collana di astrofisica</subfield></datafield><datafield ind1=" " ind2="7" tag="650"><subfield code="a">KOSMOLOGIE (ASTRONOMIE)</subfield><subfield code="9">ger</subfield><subfield code="0">(ETHUDK)000014104</subfield><subfield code="2">ethudk</subfield></datafield><datafield ind1=" " ind2="7" tag="650"><subfield code="a">MILCHSTRASSE (ASTRONOMIE)</subfield><subfield code="9">ger</subfield><subfield code="0">(ETHUDK)000014093</subfield><subfield code="2">ethudk</subfield></datafield><datafield ind1=" " ind2="7" tag="650"><subfield code="a">RÖNTGENASTROPHYSIK</subfield><subfield code="9">ger</subfield><subfield code="0">(ETHUDK)000013921</subfield><subfield code="2">ethudk</subfield></datafield><datafield ind1=" " ind2="7" tag="650"><subfield code="a">Rayons X</subfield><subfield code="0">(IDREF)027480097</subfield><subfield code="2">idref</subfield></datafield><datafield ind1=" " ind2="7" tag="650"><subfield code="a">Galaxies</subfield><subfield code="0">(IDREF)027351416</subfield><subfield code="2">idref</subfield></datafield><datafield ind1=" " ind2="7" tag="650"><subfield code="a">Matière interstellaire</subfield><subfield code="0">(IDREF)027818055</subfield><subfield code="2">idref</subfield></datafield><datafield ind1=" " ind2="7" tag="655"><subfield code="a">Konferenzschrift</subfield><subfield code="z">Como</subfield><subfield code="y">1986/10</subfield><subfield code="2">gnd-content</subfield></datafield><datafield ind1=" " ind2="7" tag="655"><subfield code="a">Actes de congrès</subfield><subfield code="0">(IDREF)02886431X</subfield><subfield code="2">idref</subfield></datafield><datafield ind1="1" ind2=" " tag="700"><subfield code="a">Treves, Aldo</subfield><subfield code="0">(IDREF)114023387</subfield></datafield><datafield ind1="2" ind2=" " tag="711"><subfield code="a">Variability of Galactic and Extragalactic X-Ray Sources</subfield><subfield code="d">1986</subfield><subfield code="c">Villa Olmo</subfield><subfield code="0">(DE-588)1091188300</subfield></datafield><datafield ind1=" " ind2=" " tag="900"><subfield code="a">REROnoselfmerge</subfield></datafield><datafield ind1=" " ind2=" " tag="961"><subfield code="2">ge-obs</subfield><subfield code="a">20.15</subfield><subfield code="9">LOCAL</subfield></datafield></record>
</metadata></record>