<record><header><identifier>oai:alma.41SLSP_UGE:991000021549705502</identifier><datestamp>2024-06-28T00:09:18Z</datestamp><setSpec>uge_bcen_RapidILL_BOOK</setSpec><setSpec>uge_aaca_RapidILL_BOOK</setSpec><setSpec>uge_abels_RapidILL_BOOK</setSpec><setSpec>uge_dbu_RapidILL_BOOK</setSpec><setSpec>uge_cmu_RapidILL_BOOK</setSpec><setSpec>uge_mail_RapidILL_BOOK</setSpec><setSpec>uge_abbat_RapidILL_BOOK</setSpec><setSpec>UNIGE_ALL</setSpec><setSpec>uge_aobs_RapidILL_BOOK</setSpec><setSpec>uge_acar_RapidILL_BOOK</setSpec></header><metadata>
<record xmlns="http://www.loc.gov/MARC21/slim" xmlns:xsi="http://www.w3.org/2001/XMLSchema-instance" xsi:schemaLocation="http://www.loc.gov/MARC21/slim http://www.loc.gov/standards/marcxml/schema/MARC21slim.xsd"><leader>01247nam a2200349uc 4500</leader><controlfield tag="001">991000021549705502</controlfield><controlfield tag="005">20201222231211.0</controlfield><controlfield tag="008">201012t19831983gw            00| | ger d</controlfield><datafield ind1=" " ind2=" " tag="020"><subfield code="a">3429007933</subfield></datafield><datafield ind1=" " ind2=" " tag="035"><subfield code="a">(swissbib)236285157-41slsp_network</subfield></datafield><datafield ind1=" " ind2=" " tag="035"><subfield code="a">236285157</subfield><subfield code="9">ExL</subfield></datafield><datafield ind1=" " ind2=" " tag="035"><subfield code="a">(IDSLU)000114796ILU01</subfield></datafield><datafield ind1=" " ind2=" " tag="035"><subfield code="a">(RERO)0640534-41slsp</subfield></datafield><datafield ind1=" " ind2=" " tag="035"><subfield code="a">(EXLNZ-41SLSP_NETWORK)991124648249705501</subfield></datafield><datafield ind1=" " ind2=" " tag="040"><subfield code="a">SzZuIDS LU LUZHB</subfield><subfield code="e">kids</subfield><subfield code="d">CH-ZuSLS</subfield></datafield><datafield ind1=" " ind2="7" tag="072"><subfield code="a">730</subfield><subfield code="2">IDS LU</subfield></datafield><datafield ind1=" " ind2="7" tag="072"><subfield code="a">th</subfield><subfield code="2">rero</subfield></datafield><datafield ind1="1" ind2=" " tag="080"><subfield code="a">22.07NEB</subfield></datafield><datafield ind1="1" ind2=" " tag="100"><subfield code="a">Scharbert, Josef</subfield></datafield><datafield ind1="1" ind2="0" tag="245"><subfield code="a">Genesis 1-11</subfield><subfield code="c">Josef Scharbert</subfield></datafield><datafield ind1=" " ind2="1" tag="264"><subfield code="a">Würzburg</subfield><subfield code="b">Echter-Verl.</subfield><subfield code="c">[1983]</subfield></datafield><datafield ind1=" " ind2="4" tag="264"><subfield code="c">© 1983</subfield></datafield><datafield ind1=" " ind2=" " tag="300"><subfield code="a">120 S.</subfield><subfield code="c">24 cm</subfield></datafield><datafield ind1=" " ind2=" " tag="336"><subfield code="b">txt</subfield><subfield code="2">rdacontent</subfield></datafield><datafield ind1=" " ind2=" " tag="337"><subfield code="b">n</subfield><subfield code="2">rdamedia</subfield></datafield><datafield ind1=" " ind2=" " tag="338"><subfield code="b">nc</subfield><subfield code="2">rdacarrier</subfield></datafield><datafield ind1="1" ind2=" " tag="490"><subfield code="a">Die neue Echter-Bibel. Kommentar zum Alten Testament</subfield><subfield code="v">[Bd. 1.1]</subfield></datafield><datafield ind1=" " ind2=" " tag="690"><subfield code="a">Genesis. Kommentar. Kap. 1-11</subfield><subfield code="2">rzs-L1</subfield></datafield><datafield ind1="1" ind2=" " tag="700"><subfield code="a">Scharbert, Josef</subfield><subfield code="d">1919-1998</subfield><subfield code="0">(IDREF)067299539</subfield><subfield code="4">cre</subfield></datafield><datafield ind1=" " ind2="0" tag="830"><subfield code="a">&lt;&lt;Die&gt;&gt; Neue Echter Bibel</subfield><subfield code="p">Kommentar zum Alten Testament mit der Einheitsübersetzung</subfield><subfield code="v">5</subfield></datafield><datafield ind1="1" ind2=" " tag="800"><subfield code="a">Scharbert, Joseph</subfield><subfield code="t">Genesis</subfield><subfield code="v">[1]</subfield></datafield><datafield ind1=" " ind2=" " tag="830"><subfield code="a">&lt;&lt;Die&gt;&gt; neue Echter-Bibel</subfield><subfield code="p">Kommentar zum Alten Testament mit der Einheitsübersetzung</subfield><subfield code="v">1/1</subfield><subfield code="w">(IDSLU)000130216ILU01</subfield></datafield><datafield ind1=" " ind2=" " tag="900"><subfield code="a">REROnoselfmerge</subfield></datafield></record>
</metadata></record>