<record><header><identifier>oai:alma.41SLSP_UGE:991000020819705502</identifier><datestamp>2024-11-15T01:09:55Z</datestamp><setSpec>uge_bcen_RapidILL_BOOK</setSpec><setSpec>uge_aaca_RapidILL_BOOK</setSpec><setSpec>uge_abels_RapidILL_BOOK</setSpec><setSpec>uge_dbu_RapidILL_BOOK</setSpec><setSpec>uge_cmu_RapidILL_BOOK</setSpec><setSpec>uge_mail_RapidILL_BOOK</setSpec><setSpec>uge_abbat_RapidILL_BOOK</setSpec><setSpec>UNIGE_ALL</setSpec><setSpec>uge_acar_RapidILL_BOOK</setSpec><setSpec>uge_aobs_RapidILL_BOOK</setSpec></header><metadata>
<record xmlns="http://www.loc.gov/MARC21/slim" xmlns:xsi="http://www.w3.org/2001/XMLSchema-instance" xsi:schemaLocation="http://www.loc.gov/MARC21/slim http://www.loc.gov/standards/marcxml/schema/MARC21slim.xsd"><leader>01408nam a2200421 c 4500</leader><controlfield tag="001">991000020819705502</controlfield><controlfield tag="005">20241114235833.0</controlfield><controlfield tag="008">201011s1967    xxk||||| |||| 00| ||eng d</controlfield><datafield ind1=" " ind2=" " tag="035"><subfield code="a">(swissbib)221694684-41slsp_network</subfield></datafield><datafield ind1=" " ind2=" " tag="035"><subfield code="a">221694684</subfield><subfield code="9">ExL</subfield></datafield><datafield ind1=" " ind2=" " tag="035"><subfield code="a">(RERO)R008545721-41slsp</subfield></datafield><datafield ind1=" " ind2=" " tag="035"><subfield code="a">(NEBIS)000239086EBI01</subfield></datafield><datafield ind1=" " ind2=" " tag="035"><subfield code="a">(IDSBB)001660681DSV01</subfield></datafield><datafield ind1=" " ind2=" " tag="035"><subfield code="a">(SBT)000787294SBT01</subfield></datafield><datafield ind1=" " ind2=" " tag="035"><subfield code="a">(EXLNZ-41SLSP_NETWORK)991065510709705501</subfield></datafield><datafield ind1=" " ind2=" " tag="040"><subfield code="a">RERO geulha</subfield><subfield code="d">CH-ZuSLS</subfield></datafield><datafield ind1=" " ind2="7" tag="072"><subfield code="a">ga</subfield><subfield code="2">SzZuIDS BS/BE</subfield></datafield><datafield ind1=" " ind2="7" tag="072"><subfield code="a">ba</subfield><subfield code="2">rero</subfield></datafield><datafield ind1="1" ind2="4" tag="082"><subfield code="a">900</subfield><subfield code="2">15</subfield></datafield><datafield ind1="1" ind2=" " tag="100"><subfield code="6">880-01</subfield><subfield code="a">Levey, Michael</subfield><subfield code="d">1927-2008</subfield><subfield code="0">(IDREF)028979532</subfield><subfield code="4">cre</subfield></datafield><datafield ind1="1" ind2=" " tag="880"><subfield code="a">Levey, Michael</subfield><subfield code="d">1927-2008</subfield><subfield code="0">(DE-588)172223849</subfield><subfield code="6">100-01</subfield></datafield><datafield ind1="1" ind2="0" tag="245"><subfield code="a">Early Renaissance</subfield><subfield code="c">Michael Levey</subfield></datafield><datafield ind1=" " ind2="1" tag="264"><subfield code="a">Harmondsworth</subfield><subfield code="a">Baltimore</subfield><subfield code="b">Penguin Books</subfield><subfield code="c">1967</subfield></datafield><datafield ind1=" " ind2=" " tag="300"><subfield code="a">224 p.</subfield><subfield code="c">20 cm</subfield><subfield code="b">111 fig.</subfield></datafield><datafield ind1=" " ind2=" " tag="336"><subfield code="b">txt</subfield><subfield code="2">rdacontent</subfield></datafield><datafield ind1=" " ind2=" " tag="337"><subfield code="b">n</subfield><subfield code="2">rdamedia</subfield></datafield><datafield ind1=" " ind2=" " tag="338"><subfield code="b">nc</subfield><subfield code="2">rdacarrier</subfield></datafield><datafield ind1="0" ind2=" " tag="490"><subfield code="a">Pelican original</subfield></datafield><datafield ind1="0" ind2=" " tag="490"><subfield code="a">Pelican book</subfield><subfield code="v">A 914</subfield></datafield><datafield ind1="1" ind2=" " tag="490"><subfield code="a">Style and civilization</subfield></datafield><datafield ind1=" " ind2=" " tag="504"><subfield code="a">Bibliogr</subfield></datafield><datafield ind1=" " ind2=" " tag="504"><subfield code="a">Index.</subfield></datafield><datafield ind1=" " ind2="7" tag="650"><subfield code="a">Art européen</subfield><subfield code="0">(IDREF)028244060</subfield><subfield code="2">idref</subfield></datafield><datafield ind1=" " ind2="7" tag="650"><subfield code="a">Art de la Renaissance</subfield><subfield code="0">(IDREF)027498301</subfield><subfield code="2">idref</subfield></datafield><datafield ind1=" " ind2="7" tag="650"><subfield code="a">EUROPA</subfield><subfield code="9">ger</subfield><subfield code="0">(ETHUDK)000001583</subfield><subfield code="2">ethudk</subfield></datafield><datafield ind1=" " ind2="7" tag="650"><subfield code="a">RENAISSANCE-KUNST</subfield><subfield code="9">ger</subfield><subfield code="0">(ETHUDK)000035271</subfield><subfield code="2">ethudk</subfield></datafield><datafield ind1=" " ind2="7" tag="650"><subfield code="a">Arte</subfield><subfield code="y">Sec. 15.-16.</subfield><subfield code="2">sbt12</subfield></datafield><datafield ind1=" " ind2=" " tag="830"><subfield code="a">Style and Civilization</subfield><subfield code="w">(RERO)0084013-41slsp</subfield></datafield><datafield ind1=" " ind2=" " tag="900"><subfield code="a">REROnoselfmerge</subfield></datafield></record>
</metadata></record>