<record><header><identifier>oai:alma.41SLSP_UGE:991000020919705502</identifier><datestamp>2024-05-03T02:33:49Z</datestamp><setSpec>uge_bcen_RapidILL_BOOK</setSpec><setSpec>uge_aaca_RapidILL_BOOK</setSpec><setSpec>uge_abels_RapidILL_BOOK</setSpec><setSpec>uge_dbu_RapidILL_BOOK</setSpec><setSpec>uge_cmu_RapidILL_BOOK</setSpec><setSpec>uge_mail_RapidILL_BOOK</setSpec><setSpec>uge_abbat_RapidILL_BOOK</setSpec><setSpec>UNIGE_ALL</setSpec><setSpec>uge_acar_RapidILL_BOOK</setSpec><setSpec>uge_aobs_RapidILL_BOOK</setSpec></header><metadata>
<record xmlns="http://www.loc.gov/MARC21/slim" xmlns:xsi="http://www.w3.org/2001/XMLSchema-instance" xsi:schemaLocation="http://www.loc.gov/MARC21/slim http://www.loc.gov/standards/marcxml/schema/MARC21slim.xsd"><leader>01451nam a2200409 c 4500</leader><controlfield tag="001">991000020919705502</controlfield><controlfield tag="005">20231227144935.0</controlfield><controlfield tag="008">201012s2011    fr ----- ---- 00| --fre|d</controlfield><datafield ind1=" " ind2=" " tag="020"><subfield code="a">9782070132430</subfield><subfield code="c">22.90 EUR</subfield></datafield><datafield ind1="7" ind2=" " tag="024"><subfield code="a">http://catalogue.bnf.fr/ark:/12148/cb423540697</subfield><subfield code="2">uri</subfield></datafield><datafield ind1=" " ind2=" " tag="035"><subfield code="a">(swissbib)23926066X-41slsp_network</subfield></datafield><datafield ind1=" " ind2=" " tag="035"><subfield code="a">23926066X</subfield><subfield code="9">ExL</subfield></datafield><datafield ind1=" " ind2=" " tag="035"><subfield code="a">(IDSSG)000658137HSB01</subfield></datafield><datafield ind1=" " ind2=" " tag="035"><subfield code="a">(RERO)R005885092-41slsp</subfield></datafield><datafield ind1=" " ind2=" " tag="035"><subfield code="a">(IDSBB)005581573DSV01</subfield></datafield><datafield ind1=" " ind2=" " tag="035"><subfield code="a">(IDSLU)001012965ILU01</subfield></datafield><datafield ind1=" " ind2=" " tag="035"><subfield code="a">(EXLNZ-41SLSP_NETWORK)991108357679705501</subfield></datafield><datafield ind1=" " ind2=" " tag="040"><subfield code="a">RERO frbcuc</subfield><subfield code="b">ger</subfield><subfield code="e">rda</subfield><subfield code="d">CH-ZuSLS</subfield></datafield><datafield ind1=" " ind2="7" tag="072"><subfield code="a">fr</subfield><subfield code="2">rero</subfield></datafield><datafield ind1=" " ind2="7" tag="072"><subfield code="a">fl</subfield><subfield code="2">SzZuIDS BS/BE</subfield></datafield><datafield ind1=" " ind2="7" tag="072"><subfield code="a">595</subfield><subfield code="2">IDS LU</subfield></datafield><datafield ind1="1" ind2="4" tag="082"><subfield code="a">840</subfield><subfield code="2">15</subfield></datafield><datafield ind1=" " ind2=" " tag="084"><subfield code="a">IH 91900</subfield><subfield code="2">rvk</subfield></datafield><datafield ind1="1" ind2=" " tag="100"><subfield code="6">880-02</subfield><subfield code="a">Rouaud, Jean</subfield><subfield code="d">1952-</subfield><subfield code="0">(DE-588)115686983</subfield><subfield code="e">Verfasser</subfield><subfield code="4">aut</subfield></datafield><datafield ind1="1" ind2=" " tag="880"><subfield code="6">100-02/(B</subfield><subfield code="a">Rouaud, Jean</subfield><subfield code="c">romancier</subfield><subfield code="d">1952-....</subfield><subfield code="0">(IDREF)030134269</subfield><subfield code="4">aut</subfield></datafield><datafield ind1="1" ind2="0" tag="245"><subfield code="a">Comment gagner sa vie honnêtement</subfield><subfield code="c">Jean Rouaud</subfield></datafield><datafield ind1=" " ind2="1" tag="264"><subfield code="a">[Paris]</subfield><subfield code="b">Gallimard</subfield><subfield code="c">[2011]</subfield></datafield><datafield ind1=" " ind2=" " tag="300"><subfield code="a">334 S.</subfield><subfield code="c">21 cm</subfield></datafield><datafield ind1=" " ind2=" " tag="336"><subfield code="b">txt</subfield><subfield code="2">rdacontent</subfield></datafield><datafield ind1=" " ind2=" " tag="337"><subfield code="b">n</subfield><subfield code="2">rdamedia</subfield></datafield><datafield ind1=" " ind2=" " tag="338"><subfield code="b">nc</subfield><subfield code="2">rdacarrier</subfield></datafield><datafield ind1="0" ind2=" " tag="490"><subfield code="a">nrf</subfield></datafield><datafield ind1="1" ind2=" " tag="490"><subfield code="a">La vie poétique / Jean Rouaud</subfield><subfield code="v">1</subfield></datafield><datafield ind1=" " ind2=" " tag="500"><subfield code="a">A pour suite: Une façon de chanter</subfield></datafield><datafield ind1="8" ind2=" " tag="520"><subfield code="a">Mémoires</subfield><subfield code="5">RERO/necfbv/05.2011/3503</subfield></datafield><datafield ind1="1" ind2=" " tag="800"><subfield code="a">Rouaud, Jean</subfield><subfield code="d">1952-</subfield><subfield code="t">&lt;&lt;La&gt;&gt; vie poétique</subfield><subfield code="v">1</subfield><subfield code="w">(IDSBB)005607183DSV01</subfield></datafield><datafield ind1="1" ind2=" " tag="800"><subfield code="a">Rouaud, Jean</subfield><subfield code="c">Romancier</subfield><subfield code="d">1952-....</subfield><subfield code="t">&lt;&lt;La&gt;&gt; vie poétique</subfield><subfield code="v">1</subfield><subfield code="w">991138491579705501</subfield></datafield><datafield ind1=" " ind2=" " tag="900"><subfield code="a">REROnoselfmerge</subfield></datafield></record>
</metadata></record>