<record><header><identifier>oai:alma.41SLSP_UGE:991000021129705502</identifier><datestamp>2023-03-01T01:09:06Z</datestamp><setSpec>uge_bcen_RapidILL_BOOK</setSpec><setSpec>uge_aaca_RapidILL_BOOK</setSpec><setSpec>uge_abels_RapidILL_BOOK</setSpec><setSpec>uge_dbu_RapidILL_BOOK</setSpec><setSpec>uge_cmu_RapidILL_BOOK</setSpec><setSpec>uge_mail_RapidILL_BOOK</setSpec><setSpec>UNIGE_ALL</setSpec><setSpec>uge_abbat_RapidILL_BOOK</setSpec><setSpec>uge_aobs_RapidILL_BOOK</setSpec><setSpec>uge_acar_RapidILL_BOOK</setSpec></header><metadata>
<record xmlns="http://www.loc.gov/MARC21/slim" xmlns:xsi="http://www.w3.org/2001/XMLSchema-instance" xsi:schemaLocation="http://www.loc.gov/MARC21/slim http://www.loc.gov/standards/marcxml/schema/MARC21slim.xsd"><leader>01267nam a2200277 c 4500</leader><controlfield tag="001">991000021129705502</controlfield><controlfield tag="005">20201227133307.0</controlfield><controlfield tag="008">020104s1994    fr ||||| |||| 00| ||fre d</controlfield><datafield ind1=" " ind2=" " tag="020"><subfield code="a">9287123411</subfield></datafield><datafield ind1=" " ind2=" " tag="035"><subfield code="a">(swissbib)097429511-41slsp_network</subfield></datafield><datafield ind1=" " ind2=" " tag="035"><subfield code="a">097429511</subfield><subfield code="9">ExL</subfield></datafield><datafield ind1=" " ind2=" " tag="035"><subfield code="a">(RERO)R003132814-41slsp</subfield></datafield><datafield ind1=" " ind2=" " tag="035"><subfield code="a">(EXLNZ-41SLSP_NETWORK)991043225149705501</subfield></datafield><datafield ind1=" " ind2=" " tag="040"><subfield code="a">RERO geuieg</subfield><subfield code="d">CH-ZuSLS</subfield></datafield><datafield ind1=" " ind2="7" tag="072"><subfield code="a">ur</subfield><subfield code="2">rero</subfield></datafield><datafield ind1="0" ind2="0" tag="245"><subfield code="a">Patrimoine architectural</subfield><subfield code="b">méthodes d'inventaire et de documentation en Europe : actes : colloque européen</subfield><subfield code="c">organisé par le Conseil de l'Europe et le ministère français de l'éducation nationale et de la culture - Direction du patrimoine, Nantes, 28-31 octobre 1992</subfield></datafield><datafield ind1=" " ind2="1" tag="264"><subfield code="a">Strasbourg</subfield><subfield code="b">Ed. du Conseil de l'Europe</subfield><subfield code="c">1993</subfield></datafield><datafield ind1=" " ind2=" " tag="300"><subfield code="a">185 p.</subfield><subfield code="b">ill.</subfield><subfield code="c">25 cm</subfield></datafield><datafield ind1=" " ind2=" " tag="336"><subfield code="b">txt</subfield><subfield code="2">rdacontent</subfield></datafield><datafield ind1=" " ind2=" " tag="337"><subfield code="b">n</subfield><subfield code="2">rdamedia</subfield></datafield><datafield ind1=" " ind2=" " tag="338"><subfield code="b">nc</subfield><subfield code="2">rdacarrier</subfield></datafield><datafield ind1="1" ind2=" " tag="490"><subfield code="a">Patrimoine culturel</subfield><subfield code="v">no 28</subfield></datafield><datafield ind1=" " ind2=" " tag="500"><subfield code="a">Ed. anglaise: &quot;Architectural heritage: inventory and documentation methods in Europe&quot;</subfield></datafield><datafield ind1="2" ind2=" " tag="710"><subfield code="a">Conseil de l'Europe</subfield><subfield code="d">1992</subfield><subfield code="c">Nantes</subfield><subfield code="0">(RERO)A012524830</subfield></datafield><datafield ind1="2" ind2=" " tag="710"><subfield code="a">France</subfield><subfield code="b">Ministère de l'éducation nationale et de la culture</subfield><subfield code="b">Direction du patrimoine</subfield><subfield code="d">1992</subfield><subfield code="c">Nantes</subfield><subfield code="0">(RERO)A012524831</subfield></datafield><datafield ind1=" " ind2=" " tag="830"><subfield code="a">Patrimoine culturel</subfield><subfield code="v">28</subfield><subfield code="w">(RERO)2086007-41slsp</subfield></datafield><datafield ind1=" " ind2=" " tag="900"><subfield code="a">REROnoselfmerge</subfield></datafield></record>
</metadata></record>