<record><header><identifier>oai:alma.41SLSP_UGE:991000021019705502</identifier><datestamp>2023-03-01T01:09:06Z</datestamp><setSpec>uge_bcen_RapidILL_BOOK</setSpec><setSpec>uge_aaca_RapidILL_BOOK</setSpec><setSpec>uge_abels_RapidILL_BOOK</setSpec><setSpec>uge_dbu_RapidILL_BOOK</setSpec><setSpec>uge_cmu_RapidILL_BOOK</setSpec><setSpec>uge_mail_RapidILL_BOOK</setSpec><setSpec>UNIGE_ALL</setSpec><setSpec>uge_abbat_RapidILL_BOOK</setSpec><setSpec>uge_aobs_RapidILL_BOOK</setSpec><setSpec>uge_acar_RapidILL_BOOK</setSpec></header><metadata>
<record xmlns="http://www.loc.gov/MARC21/slim" xmlns:xsi="http://www.w3.org/2001/XMLSchema-instance" xsi:schemaLocation="http://www.loc.gov/MARC21/slim http://www.loc.gov/standards/marcxml/schema/MARC21slim.xsd"><leader>01011nam a2200289 c 4500</leader><controlfield tag="001">991000021019705502</controlfield><controlfield tag="005">20210207114020.0</controlfield><controlfield tag="008">910423s1973    xxu||||| |||| 00| ||eng d</controlfield><datafield ind1=" " ind2=" " tag="020"><subfield code="a">0879420235</subfield><subfield code="q">clouthbound</subfield></datafield><datafield ind1=" " ind2=" " tag="020"><subfield code="a">0879420243</subfield><subfield code="q">paperbound</subfield></datafield><datafield ind1=" " ind2=" " tag="035"><subfield code="a">(swissbib)085496413-41slsp_network</subfield></datafield><datafield ind1=" " ind2=" " tag="035"><subfield code="a">085496413</subfield><subfield code="9">ExL</subfield></datafield><datafield ind1=" " ind2=" " tag="035"><subfield code="a">(RERO)1368443-41slsp</subfield></datafield><datafield ind1=" " ind2=" " tag="035"><subfield code="a">(EXLNZ-41SLSP_NETWORK)991068517779705501</subfield></datafield><datafield ind1=" " ind2=" " tag="040"><subfield code="a">RERO geudbu</subfield><subfield code="d">CH-ZuSLS</subfield></datafield><datafield ind1=" " ind2="7" tag="072"><subfield code="a">in</subfield><subfield code="2">rero</subfield></datafield><datafield ind1="0" ind2="0" tag="245"><subfield code="a">Literature in digital signal processing</subfield><subfield code="b">terminology and permuted title index</subfield><subfield code="c">ed. by Howard D. Helms, Lawrence R. Rabiner</subfield></datafield><datafield ind1=" " ind2="1" tag="264"><subfield code="a">New York</subfield><subfield code="b">IEEE Press</subfield><subfield code="c">[1973]</subfield></datafield><datafield ind1=" " ind2="4" tag="264"><subfield code="c">© 1973</subfield></datafield><datafield ind1=" " ind2=" " tag="300"><subfield code="a">VII, 99 p.</subfield><subfield code="b">ill.</subfield><subfield code="c">29 cm</subfield></datafield><datafield ind1=" " ind2=" " tag="336"><subfield code="b">txt</subfield><subfield code="2">rdacontent</subfield></datafield><datafield ind1=" " ind2=" " tag="337"><subfield code="b">n</subfield><subfield code="2">rdamedia</subfield></datafield><datafield ind1=" " ind2=" " tag="338"><subfield code="b">nc</subfield><subfield code="2">rdacarrier</subfield></datafield><datafield ind1="1" ind2=" " tag="490"><subfield code="a">IEEE Press selected reprint series</subfield></datafield><datafield ind1="1" ind2=" " tag="700"><subfield code="a">Helms, Howard D.</subfield><subfield code="0">(IDREF)183377648</subfield></datafield><datafield ind1="1" ind2=" " tag="700"><subfield code="a">Rabiner, Lawrence R</subfield><subfield code="d">1943-....</subfield><subfield code="0">(IDREF)059452854</subfield></datafield><datafield ind1=" " ind2="0" tag="830"><subfield code="a">IEEE Press selected reprint series</subfield><subfield code="w">(RERO)0955593-41slsp</subfield></datafield><datafield ind1=" " ind2=" " tag="900"><subfield code="a">REROnoselfmerge</subfield></datafield></record>
</metadata></record>