<record><header><identifier>oai:alma.41SLSP_UGE:991000021329705502</identifier><datestamp>2023-03-29T00:17:32Z</datestamp><setSpec>uge_bcen_RapidILL_BOOK</setSpec><setSpec>uge_aaca_RapidILL_BOOK</setSpec><setSpec>uge_abels_RapidILL_BOOK</setSpec><setSpec>uge_dbu_RapidILL_BOOK</setSpec><setSpec>uge_cmu_RapidILL_BOOK</setSpec><setSpec>uge_mail_RapidILL_BOOK</setSpec><setSpec>uge_abbat_RapidILL_BOOK</setSpec><setSpec>UNIGE_ALL</setSpec><setSpec>uge_aobs_RapidILL_BOOK</setSpec><setSpec>uge_acar_RapidILL_BOOK</setSpec></header><metadata>
<record xmlns="http://www.loc.gov/MARC21/slim" xmlns:xsi="http://www.w3.org/2001/XMLSchema-instance" xsi:schemaLocation="http://www.loc.gov/MARC21/slim http://www.loc.gov/standards/marcxml/schema/MARC21slim.xsd"><leader>04626nam a2200601 c 4500</leader><controlfield tag="001">991000021329705502</controlfield><controlfield tag="005">20230328203304.0</controlfield><controlfield tag="008">201011s1999    xxu           00| | eng|d</controlfield><datafield ind1=" " ind2=" " tag="020"><subfield code="a">0761908862</subfield><subfield code="q">pbk.</subfield></datafield><datafield ind1=" " ind2=" " tag="020"><subfield code="a">0761908854</subfield><subfield code="q">hbk.</subfield></datafield><datafield ind1=" " ind2=" " tag="035"><subfield code="a">(swissbib)230472214-41slsp_network</subfield></datafield><datafield ind1=" " ind2=" " tag="035"><subfield code="a">230472214</subfield><subfield code="9">ExL</subfield></datafield><datafield ind1=" " ind2=" " tag="035"><subfield code="a">(IDSBB)006723756DSV01</subfield></datafield><datafield ind1=" " ind2=" " tag="035"><subfield code="a">(RERO)R270517160-41slsp</subfield></datafield><datafield ind1=" " ind2=" " tag="035"><subfield code="a">(NEBIS)008239381EBI01</subfield></datafield><datafield ind1=" " ind2=" " tag="035"><subfield code="a">(IDSSG)000261429HSB01</subfield></datafield><datafield ind1=" " ind2=" " tag="035"><subfield code="a">(EXLNZ-41SLSP_NETWORK)991043584379705501</subfield></datafield><datafield ind1=" " ind2=" " tag="040"><subfield code="a">ZBZ</subfield><subfield code="b">ger</subfield><subfield code="e">rda</subfield><subfield code="d">CH-ZuSLS</subfield></datafield><datafield ind1=" " ind2="7" tag="072"><subfield code="a">ss</subfield><subfield code="2">rero</subfield></datafield><datafield ind1="0" ind2="0" tag="082"><subfield code="a">001.4/22</subfield><subfield code="2">21</subfield></datafield><datafield ind1="1" ind2="4" tag="082"><subfield code="a">510</subfield><subfield code="2">15</subfield></datafield><datafield ind1=" " ind2=" " tag="084"><subfield code="a">CM 4000</subfield><subfield code="2">rvk</subfield></datafield><datafield ind1=" " ind2=" " tag="084"><subfield code="a">MR 2100</subfield><subfield code="2">rvk</subfield></datafield><datafield ind1=" " ind2=" " tag="084"><subfield code="a">MR 2200</subfield><subfield code="2">rvk</subfield></datafield><datafield ind1=" " ind2=" " tag="084"><subfield code="a">SK 835</subfield><subfield code="2">rvk</subfield></datafield><datafield ind1="1" ind2=" " tag="100"><subfield code="a">Hoyle, Rick H</subfield><subfield code="0">(IDREF)034829806</subfield><subfield code="4">cre</subfield></datafield><datafield ind1="1" ind2="0" tag="245"><subfield code="a">Statistical strategies for small sample research</subfield><subfield code="c">Rick H. Hoyle</subfield></datafield><datafield ind1=" " ind2="1" tag="264"><subfield code="a">Thousand Oaks</subfield><subfield code="b">Sage Publications</subfield><subfield code="c">[1999]</subfield></datafield><datafield ind1=" " ind2="4" tag="264"><subfield code="c">© 1999</subfield></datafield><datafield ind1=" " ind2=" " tag="300"><subfield code="a">XXI, 367 p.</subfield><subfield code="b">ill.</subfield><subfield code="c">23 cm</subfield></datafield><datafield ind1=" " ind2=" " tag="336"><subfield code="b">txt</subfield><subfield code="2">rdacontent</subfield></datafield><datafield ind1=" " ind2=" " tag="337"><subfield code="b">n</subfield><subfield code="2">rdamedia</subfield></datafield><datafield ind1=" " ind2=" " tag="338"><subfield code="b">nc</subfield><subfield code="2">rdacarrier</subfield></datafield><datafield ind1=" " ind2="7" tag="650"><subfield code="a">Empirische Sozialforschung</subfield><subfield code="0">(DE-588)4014606-6</subfield><subfield code="2">gnd</subfield></datafield><datafield ind1=" " ind2="7" tag="650"><subfield code="a">Stichprobenumfang</subfield><subfield code="0">(DE-588)4183251-6</subfield><subfield code="2">gnd</subfield></datafield><datafield ind1=" " ind2="0" tag="650"><subfield code="a">Social sciences</subfield><subfield code="x">Statistical methods</subfield></datafield><datafield ind1=" " ind2="7" tag="650"><subfield code="a">RICERCA</subfield><subfield code="x">METODI STATISTICI</subfield><subfield code="2">scbi</subfield></datafield><datafield ind1=" " ind2="7" tag="650"><subfield code="a">SCIENZE SOCIALI</subfield><subfield code="x">METODI STATISTICI</subfield><subfield code="2">scbi</subfield></datafield><datafield ind1=" " ind2="7" tag="650"><subfield code="a">Sciences sociales</subfield><subfield code="0">(IDREF)027248321</subfield><subfield code="2">idref</subfield></datafield><datafield ind1=" " ind2="7" tag="650"><subfield code="a">Statistique</subfield><subfield code="0">(IDREF)027315800</subfield><subfield code="2">idref</subfield></datafield><datafield ind1=" " ind2="7" tag="650"><subfield code="a">Échantillonnage</subfield><subfield code="0">(IDREF)027809668</subfield><subfield code="2">idref</subfield></datafield><datafield ind1=" " ind2="7" tag="650"><subfield code="a">Sozialwissenschaften</subfield><subfield code="0">(DE-588)4055916-6</subfield><subfield code="2">gnd</subfield></datafield><datafield ind1=" " ind2="7" tag="650"><subfield code="a">Statistik</subfield><subfield code="0">(DE-588)4056995-0</subfield><subfield code="2">gnd</subfield></datafield><datafield ind1=" " ind2="7" tag="650"><subfield code="a">Stichprobennahme</subfield><subfield code="0">(DE-588)4183250-4</subfield><subfield code="2">gnd</subfield></datafield><datafield ind1=" " ind2="7" tag="655"><subfield code="a">[Études diverses]</subfield><subfield code="0">(RERO)A022249905</subfield><subfield code="2">rero</subfield></datafield><datafield ind1=" " ind2="7" tag="655"><subfield code="a">Aufsatzsammlung</subfield><subfield code="2">gnd-content</subfield></datafield><datafield ind1=" " ind2=" " tag="690"><subfield code="a">Imputation ; design ; Research ; Simulation ; Augmentation ; Performance criterion ; Coverage ; Qualification ; modeling ; Allocation ; reviews ; Application ; Sample research ; Implementation ; Replication ; Modelling ; Calculus ; Pretest ; Simulation result ; Meta analysis ; Factor study ; Scoring ; Divisor ; Correlation ; Conceptualization ; Information network ; measurement ; Assumption ; Permutation ; Type error ; Strategy ; Sample method ; Sampling method ; Case analysis ; assessment ; Efficiency ; Covariance ; Foundry pattern ; Accuracy ; Statistical analysis ; Population distribution ; Test procedure ; Mediation ; Equation ; Bootstrap Method ; Bootstrapping ; Contingency ; Factor analysis ; Statistical Test ; Function ; Parameter ; Elongation ; Type ; Tree type ; Enterprise ; Operation method ; Saturation ; Factor ; Implication ; Algorithm ; Contrast ; Variety ; Estimation ; Relationship ; Marquis ; Robust control ; Performance reliability ; Judicial subject ; Evaluation ; Unreliability ; Time series ; Factor model ; Mediator ; Marsh ; Chemical solution ; Series ; Equality constraint ; measurement errors ; Measurement error ; History ; Rejection rate ; Moderator ; Participant ; Convergence ; Limitation ; Direction ; Human population ; Rating ; Rate ; Discussion ; Unit ; Reaction time ; Formal specification ; Predictor ; Specification ; Requirement ; Multiple ; Size ; Literature ; Indicator ; Determinant ; Relation ; Approximation method ; Sage publication ; Sample size ; Diagnostics ; Variable ; Inference ; Computer software ; Resource ; Identity ; Emphasis ; Pursuit ; Individual ; behaviour ; Parcel ; Trait ; Chin ; standards ; Standard ; Consistence</subfield><subfield code="2">idssg-J</subfield></datafield><datafield ind1=" " ind2=" " tag="690"><subfield code="a">Missing-Data ; Small-Sample ; Single-Case ; Covariance-Based</subfield><subfield code="2">idssg-J</subfield></datafield><datafield ind1=" " ind2=" " tag="690"><subfield code="a">Multivariate Data; Small Samples; Present Chapter; Small N; Small Anre Venter; Numerical Example; General Conclusion; Small Number; Further Readings; Combining Effect; Nonparametric Data Cyrus; Unconditional Sampling Distributions; Conditional Sampling Distribution; Exact Values; Computational Issues; Relevant Monte_Carlo; Two Closing Examples; Technical Issues; Technical Details; Empirical Example; More Items; Random Subject Effects; Small Samples Using; Partial Least</subfield><subfield code="2">idssg-J</subfield></datafield><datafield ind1=" " ind2=" " tag="690"><subfield code="a">Monte_Carlo [100]; Relevant Monte_Carlo [85]</subfield><subfield code="2">idssg-J</subfield></datafield><datafield ind1=" " ind2=" " tag="690"><subfield code="a">Missingness; Posttest; Counternull; rs; Yiu; Fai; Yung; Wai; Chan; Replicability; Nitin; ofrxc; Collinearity; Idiographic; Nomothetic; Poolability; Tai; Hau; Balla; Johan; Dominique; Wynne; Multiblock; NORM; N</subfield><subfield code="2">idssg-J</subfield></datafield><datafield ind1="4" ind2=" " tag="856"><subfield code="3">Titelblatt und Inhaltsverzeichnis</subfield><subfield code="u">https://toc.library.ethz.ch/objects/pdf_uzh50/5/978-0-7619-0886-9_006255344.pdf</subfield><subfield code="q">pdf</subfield></datafield><datafield ind1=" " ind2=" " tag="900"><subfield code="a">REROnoselfmerge</subfield></datafield><datafield ind1=" " ind2=" " tag="949"><subfield code="a">https://toc.library.ethz.ch/objects/pdf_uzh50/5/978-0-7619-0886-9_006255344.pdf</subfield></datafield></record>
</metadata></record>