<record><header><identifier>oai:alma.41SLSP_UGE:991000021539705502</identifier><datestamp>2023-04-08T00:14:35Z</datestamp><setSpec>uge_bcen_RapidILL_BOOK</setSpec><setSpec>uge_aaca_RapidILL_BOOK</setSpec><setSpec>uge_abels_RapidILL_BOOK</setSpec><setSpec>uge_dbu_RapidILL_BOOK</setSpec><setSpec>uge_cmu_RapidILL_BOOK</setSpec><setSpec>uge_mail_RapidILL_BOOK</setSpec><setSpec>uge_abbat_RapidILL_BOOK</setSpec><setSpec>UNIGE_ALL</setSpec><setSpec>uge_aobs_RapidILL_BOOK</setSpec><setSpec>uge_acar_RapidILL_BOOK</setSpec></header><metadata>
<record xmlns="http://www.loc.gov/MARC21/slim" xmlns:xsi="http://www.w3.org/2001/XMLSchema-instance" xsi:schemaLocation="http://www.loc.gov/MARC21/slim http://www.loc.gov/standards/marcxml/schema/MARC21slim.xsd"><leader>04462nam a2200613 c 4500</leader><controlfield tag="001">991000021539705502</controlfield><controlfield tag="005">20230406191851.0</controlfield><controlfield tag="008">040316s2004    sz ||||| |||| 10| ||fre d</controlfield><datafield ind1=" " ind2=" " tag="035"><subfield code="a">(swissbib)100362044-41slsp_network</subfield></datafield><datafield ind1=" " ind2=" " tag="035"><subfield code="a">100362044</subfield><subfield code="9">ExL</subfield></datafield><datafield ind1=" " ind2=" " tag="035"><subfield code="a">(RERO)R003603237-41slsp</subfield></datafield><datafield ind1=" " ind2=" " tag="035"><subfield code="a">(EXLNZ-41SLSP_NETWORK)991062739459705501</subfield></datafield><datafield ind1=" " ind2=" " tag="040"><subfield code="a">RERO geucds</subfield><subfield code="d">CH-ZuSLS</subfield></datafield><datafield ind1="0" ind2=" " tag="041"><subfield code="a">ger</subfield><subfield code="a">fre</subfield><subfield code="a">ita</subfield></datafield><datafield ind1=" " ind2=" " tag="044"><subfield code="a">sz</subfield><subfield code="c">ch-be</subfield></datafield><datafield ind1=" " ind2="7" tag="072"><subfield code="a">me</subfield><subfield code="2">rero</subfield></datafield><datafield ind1=" " ind2="7" tag="072"><subfield code="a">ss</subfield><subfield code="2">rero</subfield></datafield><datafield ind1="0" ind2="0" tag="245"><subfield code="a">Übergewicht bei Kindern</subfield><subfield code="b">Vorträge und Zusammenfassungen der nationalen Fachtagung der SVE vom 13. Juni 2002 in Bern</subfield><subfield code="c">Schweizerische Vereinigung für Ernährung, Schweizerische Gesellschaft für Ernährungsforschung = Excès pondéral chez les enfants : exposés et résumés du congrès national de l'ASA du 13 juin 2003 à Berne / Association suisse pour l'alimentation, Société suisse de recherches sur la nutrition = Sovrappeso tra i bambini (Riassunti) : riassunti delle relazioni tenute al congresso dell'ASA del 13 giugno 2003 a Berna / Associazione svizzera per l'alimentazione, SSRN</subfield></datafield><datafield ind1="1" ind2=" " tag="246"><subfield code="a">Excès pondéral chez les enfants</subfield></datafield><datafield ind1="1" ind2=" " tag="246"><subfield code="a">Sovrappeso tra i bambini</subfield></datafield><datafield ind1=" " ind2="1" tag="264"><subfield code="a">Berne</subfield><subfield code="b">SVE/ASA</subfield><subfield code="c">2004</subfield></datafield><datafield ind1=" " ind2=" " tag="300"><subfield code="a">193 p.</subfield><subfield code="b">ill.</subfield><subfield code="c">22 cm</subfield></datafield><datafield ind1=" " ind2=" " tag="336"><subfield code="b">txt</subfield><subfield code="2">rdacontent</subfield></datafield><datafield ind1=" " ind2=" " tag="337"><subfield code="b">n</subfield><subfield code="2">rdamedia</subfield></datafield><datafield ind1=" " ind2=" " tag="338"><subfield code="b">nc</subfield><subfield code="2">rdacarrier</subfield></datafield><datafield ind1="1" ind2=" " tag="490"><subfield code="a">Schriftenreihe der Schweizerischen Vereinigung für Ernährung</subfield><subfield code="v">Heft 84</subfield></datafield><datafield ind1="0" ind2=" " tag="505"><subfield code="a">Nationale Ernährungspolitik und Übergewicht / Jürg Lüthy. - Übergewicht bei Kindern: Prävalenz, epidemiologische Aspekte und Entwicklungstendenzen in der Schweiz / Paolo Suter et Rudolf Benz. - Excès pondéral chez les enfants: quelles stratégies préventives avec quels partenaires ? / Michel Roulet. - Suisse Balance: die Ernährungsbewegung vom Bundesamt = Suisse Balance, l'alimentation en mouvement / Markus Gerber. - bildung + gesundheit Netzwerk Schweiz = Education + Santé Réseau suisse / Beat Hess. - Die Rolle der Eltern: &quot;Es Löffeli für de Götti...&quot; / Maya Mulle. - Multidimensionale Ansätze der Gesundheitsförderung / G. Emmenegger. - Die Bedeutung der physischen Aktivität / L. Zahner. - Früherfassung der Übergewichtigkeit und der Adipositas im kinder-und Jugendalter: wer, wann, wie? / J. Laimbacher. - Le rôle des parents et l'éducation alimentaire / Catherine Gex. - Promotion de la santé et excès pondéral: la contribution de l'école, pour le meilleur et pour le pire / Eric Masserey. - Comment promouvoir l'activité physique / Jean-Marc Gilliéron. - Dépistage de l'obésité: qui, quand, comment ? / Per Mahler. - Le restaurant scolaire: un partenaire de la promotion de la santé ou un tiroir-caisse ? / Laurence Margot. - Les aspects psychologiques à considérer / Jacques Laget</subfield></datafield><datafield ind1="8" ind2=" " tag="520"><subfield code="a">Le document trilingue contient les exposés et résumés du Congrès national de l'Association Suisse pour l'alimentation (ASA) tenu le 13 juin 2003 à Berne. Les textes des exposés du congrès sont présentés en entier dans la langue de l'intervenant, et en résumé dans les deux autres langues nationales.</subfield><subfield code="5">RERO/vdcdsp/05.2013</subfield></datafield><datafield ind1=" " ind2="2" tag="650"><subfield code="a">Obesity</subfield></datafield><datafield ind1=" " ind2="2" tag="650"><subfield code="a">Nutrition Policy</subfield></datafield><datafield ind1=" " ind2="2" tag="650"><subfield code="a">Child</subfield></datafield><datafield ind1=" " ind2="2" tag="650"><subfield code="a">Infant</subfield></datafield><datafield ind1=" " ind2="2" tag="650"><subfield code="a">Health Education</subfield></datafield><datafield ind1=" " ind2="2" tag="650"><subfield code="a">Nutritional Physiological Phenomena</subfield></datafield><datafield ind1=" " ind2="2" tag="650"><subfield code="a">Schools</subfield></datafield><datafield ind1=" " ind2="2" tag="650"><subfield code="a">Health Promotion</subfield></datafield><datafield ind1=" " ind2="2" tag="650"><subfield code="a">Nutrition Physiology</subfield><subfield code="x">education</subfield></datafield><datafield ind1=" " ind2="2" tag="650"><subfield code="a">Obesity</subfield><subfield code="x">epidemiology</subfield></datafield><datafield ind1=" " ind2="2" tag="650"><subfield code="a">Obesity</subfield><subfield code="x">prevention &amp; control</subfield></datafield><datafield ind1=" " ind2="7" tag="650"><subfield code="a">Éducation nutritionnelle</subfield><subfield code="0">(IDREF)027688941</subfield><subfield code="2">idref</subfield></datafield><datafield ind1=" " ind2="7" tag="650"><subfield code="a">Nutrition</subfield><subfield code="0">(IDREF)030857406</subfield><subfield code="2">idref</subfield></datafield><datafield ind1=" " ind2="7" tag="650"><subfield code="a">excès alimentaire</subfield><subfield code="0">(RERO)A009988810</subfield><subfield code="2">rerovoc</subfield></datafield><datafield ind1=" " ind2="7" tag="650"><subfield code="a">Obésité</subfield><subfield code="0">(IDREF)027243834</subfield><subfield code="2">idref</subfield></datafield><datafield ind1=" " ind2="7" tag="650"><subfield code="a">Épidémiologie</subfield><subfield code="0">(IDREF)027731456</subfield><subfield code="2">idref</subfield></datafield><datafield ind1=" " ind2="7" tag="650"><subfield code="a">obésité - prévention</subfield><subfield code="0">(RERO)A010225970</subfield><subfield code="2">rerovoc</subfield></datafield><datafield ind1=" " ind2="7" tag="650"><subfield code="a">Politique sanitaire</subfield><subfield code="0">(IDREF)027243192</subfield><subfield code="2">idref</subfield></datafield><datafield ind1=" " ind2="7" tag="650"><subfield code="a">Enfants</subfield><subfield code="0">(IDREF)027233278</subfield><subfield code="2">idref</subfield></datafield><datafield ind1=" " ind2="2" tag="651"><subfield code="a">Switzerland</subfield></datafield><datafield ind1=" " ind2="7" tag="651"><subfield code="a">Suisse</subfield><subfield code="0">(IDREF)027249654</subfield><subfield code="2">idref</subfield></datafield><datafield ind1=" " ind2="2" tag="655"><subfield code="a">Congress</subfield></datafield><datafield ind1=" " ind2="7" tag="655"><subfield code="a">Actes de congrès</subfield><subfield code="0">(IDREF)02886431X</subfield><subfield code="2">idref</subfield></datafield><datafield ind1="2" ind2=" " tag="710"><subfield code="a">Association suisse pour l'alimentation</subfield><subfield code="b">Nationale Fachtagung</subfield><subfield code="d">2003</subfield><subfield code="c">Bern</subfield><subfield code="0">(RERO)A012400753</subfield></datafield><datafield ind1="2" ind2=" " tag="710"><subfield code="a">Société suisse de recherches sur la nutrition</subfield><subfield code="0">(RERO)A000153268</subfield></datafield><datafield ind1=" " ind2="0" tag="830"><subfield code="a">Schriftenreihe der Schweizerischen Vereinigung für Ernährung</subfield><subfield code="v">84</subfield><subfield code="w">(RERO)0838098-41slsp</subfield></datafield><datafield ind1=" " ind2=" " tag="900"><subfield code="a">REROnoselfmerge</subfield></datafield></record>
</metadata></record>