<record><header><identifier>oai:alma.41SLSP_UGE:991000021559705502</identifier><datestamp>2024-04-11T00:19:54Z</datestamp><setSpec>uge_bcen_RapidILL_BOOK</setSpec><setSpec>uge_aaca_RapidILL_BOOK</setSpec><setSpec>uge_abels_RapidILL_BOOK</setSpec><setSpec>uge_dbu_RapidILL_BOOK</setSpec><setSpec>uge_cmu_RapidILL_BOOK</setSpec><setSpec>uge_mail_RapidILL_BOOK</setSpec><setSpec>uge_abbat_RapidILL_BOOK</setSpec><setSpec>UNIGE_ALL</setSpec><setSpec>uge_aobs_RapidILL_BOOK</setSpec><setSpec>uge_acar_RapidILL_BOOK</setSpec></header><metadata>
<record xmlns="http://www.loc.gov/MARC21/slim" xmlns:xsi="http://www.w3.org/2001/XMLSchema-instance" xsi:schemaLocation="http://www.loc.gov/MARC21/slim http://www.loc.gov/standards/marcxml/schema/MARC21slim.xsd"><leader>02896nam a2200625 c 4500</leader><controlfield tag="001">991000021559705502</controlfield><controlfield tag="005">20240410141034.0</controlfield><controlfield tag="008">201012s1980    gw ||||| |||| 00| ||ger d</controlfield><datafield ind1=" " ind2=" " tag="020"><subfield code="a">3406076084</subfield></datafield><datafield ind1=" " ind2=" " tag="035"><subfield code="a">(swissbib)233797971-41slsp_network</subfield></datafield><datafield ind1=" " ind2=" " tag="035"><subfield code="a">233797971</subfield><subfield code="9">ExL</subfield></datafield><datafield ind1=" " ind2=" " tag="035"><subfield code="a">(RERO)R004002192-41slsp</subfield></datafield><datafield ind1=" " ind2=" " tag="035"><subfield code="a">(IDSSG)000145481HSB01</subfield></datafield><datafield ind1=" " ind2=" " tag="035"><subfield code="a">(IDSBB)000052826DSV01</subfield></datafield><datafield ind1=" " ind2=" " tag="035"><subfield code="a">(NEBIS)001065415EBI01</subfield></datafield><datafield ind1=" " ind2=" " tag="035"><subfield code="a">(EXLNZ-41SLSP_NETWORK)991017365719705501</subfield></datafield><datafield ind1=" " ind2=" " tag="040"><subfield code="a">RERO geubfd</subfield><subfield code="d">CH-ZuSLS</subfield></datafield><datafield ind1=" " ind2="7" tag="072"><subfield code="a">dr</subfield><subfield code="2">rero</subfield></datafield><datafield ind1=" " ind2="7" tag="072"><subfield code="a">rg</subfield><subfield code="2">SzZuIDS BS/BE</subfield></datafield><datafield ind1="0" ind2="0" tag="082"><subfield code="a">343.43/0946</subfield><subfield code="2">19</subfield></datafield><datafield ind1="1" ind2="4" tag="082"><subfield code="a">340</subfield><subfield code="2">15</subfield></datafield><datafield ind1=" " ind2=" " tag="084"><subfield code="a">CA/D 51.1 b</subfield><subfield code="2">cjurrom</subfield></datafield><datafield ind1="1" ind2=" " tag="100"><subfield code="a">Jagusch, Heinrich</subfield><subfield code="0">(RERO)A003417844</subfield><subfield code="4">cre</subfield></datafield><datafield ind1="1" ind2="0" tag="245"><subfield code="a">Strassenverkehrsrecht</subfield><subfield code="b">Strassenverkehrsgesetz, Strassenverkehrs-Ordnung, Strassenverkehrs-Zulassungs-Ordnung, Bussgeld- und Verwarnungsgeldkataloge, Gesetzesmaterialen, Verwaltungsvorschriften und einschlägige Bestimmungen des StGB und der StPO</subfield><subfield code="c">kommentiert von Heinrich Jagusch</subfield></datafield><datafield ind1=" " ind2=" " tag="250"><subfield code="a">25., neubearb. Aufl. des von Johannes Floegel begr. und in 8.-16. Aufl. von Fritz Hartung fortgef. Werkes</subfield><subfield code="b">komment. von Heinrich Jagusch</subfield></datafield><datafield ind1=" " ind2="1" tag="264"><subfield code="a">München</subfield><subfield code="b">C.H. Beck</subfield><subfield code="c">1980</subfield></datafield><datafield ind1=" " ind2=" " tag="300"><subfield code="a">XXIV, 1270 p.</subfield><subfield code="b">ill.</subfield><subfield code="c">24 cm</subfield></datafield><datafield ind1=" " ind2=" " tag="336"><subfield code="b">txt</subfield><subfield code="2">rdacontent</subfield></datafield><datafield ind1=" " ind2=" " tag="337"><subfield code="b">n</subfield><subfield code="2">rdamedia</subfield></datafield><datafield ind1=" " ind2=" " tag="338"><subfield code="b">nc</subfield><subfield code="2">rdacarrier</subfield></datafield><datafield ind1="1" ind2=" " tag="490"><subfield code="a">Beck'sche Kurz-Kommentare</subfield><subfield code="v">Bd. 5</subfield></datafield><datafield ind1="1" ind2="7" tag="610"><subfield code="a">Deutschland</subfield><subfield code="t">Straßenverkehrs-Ordnung</subfield><subfield code="f">1970</subfield><subfield code="0">(DE-588)4183598-0</subfield><subfield code="2">gnd</subfield></datafield><datafield ind1="1" ind2="7" tag="610"><subfield code="a">Deutschland</subfield><subfield code="t">Straßenverkehrsgesetz</subfield><subfield code="0">(DE-588)4183596-7</subfield><subfield code="2">gnd</subfield></datafield><datafield ind1=" " ind2="7" tag="650"><subfield code="a">Strassenverkehrswesen</subfield><subfield code="9">ger</subfield><subfield code="0">(RERO)jurivoc000021880ger</subfield><subfield code="2">jurivoc</subfield></datafield><datafield ind1=" " ind2="4" tag="650"><subfield code="a">Straßenverkehrsrecht</subfield></datafield><datafield ind1=" " ind2="7" tag="650"><subfield code="a">Straßenverkehrsrecht</subfield><subfield code="0">(DE-588)4057933-5</subfield><subfield code="2">gnd</subfield></datafield><datafield ind1=" " ind2="7" tag="650"><subfield code="a">Kommentar</subfield><subfield code="0">(DE-588)4136710-8</subfield><subfield code="2">gnd</subfield></datafield><datafield ind1=" " ind2="0" tag="650"><subfield code="a">Automobiles</subfield><subfield code="x">Law and legislation</subfield><subfield code="z">Germany (West)</subfield></datafield><datafield ind1=" " ind2="0" tag="650"><subfield code="a">Traffic regulations</subfield><subfield code="z">Germany (West)</subfield></datafield><datafield ind1=" " ind2="7" tag="651"><subfield code="a">Deutschland</subfield><subfield code="9">ger</subfield><subfield code="0">(RERO)jurivoc000005510ger</subfield><subfield code="2">jurivoc</subfield></datafield><datafield ind1=" " ind2="4" tag="651"><subfield code="a">Deutschland</subfield></datafield><datafield ind1=" " ind2="7" tag="651"><subfield code="a">Deutschland</subfield><subfield code="0">(DE-588)4011882-4</subfield><subfield code="2">gnd</subfield></datafield><datafield ind1=" " ind2="7" tag="651"><subfield code="a">Deutschland</subfield><subfield code="g">Bundesrepublik</subfield><subfield code="0">(DE-588)4011889-7</subfield><subfield code="2">gnd</subfield></datafield><datafield ind1=" " ind2="7" tag="655"><subfield code="a">Textreproduktion</subfield><subfield code="9">ger</subfield><subfield code="2">jurivoc</subfield><subfield code="0">(RERO)jurivoc000022433ger</subfield></datafield><datafield ind1=" " ind2="7" tag="655"><subfield code="a">Kommentar(Werk)</subfield><subfield code="9">ger</subfield><subfield code="2">jurivoc</subfield><subfield code="0">(RERO)jurivoc000013038ger</subfield></datafield><datafield ind1=" " ind2="7" tag="655"><subfield code="a">Kommentar</subfield><subfield code="2">gnd-content</subfield></datafield><datafield ind1=" " ind2="4" tag="655"><subfield code="a">Quelle</subfield></datafield><datafield ind1=" " ind2=" " tag="690"><subfield code="a">Deutschland / Verkehr / Strassenverkehr / Strassenverkehrsrecht / 1980- ersch.</subfield><subfield code="2">uzb-Z9</subfield></datafield><datafield ind1=" " ind2=" " tag="690"><subfield code="a">Strassenverkehrsrecht / Einzelne Gebiete und Orte / Deutschland / 1980- ersch.</subfield><subfield code="2">uzb-Z9</subfield></datafield><datafield ind1="0" ind2=" " tag="700"><subfield code="a">Judex</subfield><subfield code="0">(DE-588)176111239</subfield></datafield><datafield ind1="1" ind2=" " tag="700"><subfield code="a">Hartung, Fritz</subfield><subfield code="d">1884-1973</subfield><subfield code="0">(IDREF)196519667</subfield><subfield code="4">oth</subfield></datafield><datafield ind1="1" ind2=" " tag="700"><subfield code="a">Floegel, Johannes</subfield><subfield code="d">1885-1945</subfield><subfield code="6">880-03</subfield><subfield code="0">(DE-588)1050688015</subfield><subfield code="4">oth</subfield></datafield><datafield ind1="1" ind2=" " tag="880"><subfield code="6">700-03</subfield><subfield code="a">Floegel, Johannes</subfield><subfield code="0">(IDREF)196519462</subfield></datafield><datafield ind1="1" ind2=" " tag="710"><subfield code="a">Deutschland</subfield><subfield code="g">Bundesrepublik</subfield><subfield code="0">(DE-588)4011889-7</subfield></datafield><datafield ind1=" " ind2="0" tag="830"><subfield code="a">Beck'sche Kurz-Kommentare</subfield><subfield code="v">5</subfield><subfield code="w">(IDSSG)000241204HSB01</subfield></datafield><datafield ind1=" " ind2=" " tag="900"><subfield code="a">IDSZRMedeaZBZ</subfield></datafield></record>
</metadata></record>