<record><header><identifier>oai:alma.41SLSP_UGE:991000021249705502</identifier><datestamp>2023-03-01T01:09:06Z</datestamp><setSpec>uge_bcen_RapidILL_BOOK</setSpec><setSpec>uge_aaca_RapidILL_BOOK</setSpec><setSpec>uge_abels_RapidILL_BOOK</setSpec><setSpec>uge_dbu_RapidILL_BOOK</setSpec><setSpec>uge_cmu_RapidILL_BOOK</setSpec><setSpec>uge_mail_RapidILL_BOOK</setSpec><setSpec>UNIGE_ALL</setSpec><setSpec>uge_abbat_RapidILL_BOOK</setSpec><setSpec>uge_aobs_RapidILL_BOOK</setSpec><setSpec>uge_acar_RapidILL_BOOK</setSpec></header><metadata>
<record xmlns="http://www.loc.gov/MARC21/slim" xmlns:xsi="http://www.w3.org/2001/XMLSchema-instance" xsi:schemaLocation="http://www.loc.gov/MARC21/slim http://www.loc.gov/standards/marcxml/schema/MARC21slim.xsd"><leader>01135nam a22002772c 4500</leader><controlfield tag="001">991000021249705502</controlfield><controlfield tag="005">20201222195338.0</controlfield><controlfield tag="008">120123s1936    fr ||||| |||| 00| ||fre d</controlfield><datafield ind1=" " ind2=" " tag="035"><subfield code="a">(swissbib)11516166X-41slsp_network</subfield></datafield><datafield ind1=" " ind2=" " tag="035"><subfield code="a">11516166X</subfield><subfield code="9">ExL</subfield></datafield><datafield ind1=" " ind2=" " tag="035"><subfield code="a">(RERO)R006381214-41slsp</subfield></datafield><datafield ind1=" " ind2=" " tag="035"><subfield code="a">(EXLNZ-41SLSP_NETWORK)991025184949705501</subfield></datafield><datafield ind1=" " ind2=" " tag="040"><subfield code="a">FRBML</subfield><subfield code="d">CH-ZuSLS</subfield></datafield><datafield ind1=" " ind2="7" tag="072"><subfield code="a">st</subfield><subfield code="2">rero</subfield></datafield><datafield ind1="1" ind2=" " tag="100"><subfield code="a">Roman, Frédéric</subfield><subfield code="d">1871-1943</subfield><subfield code="0">(IDREF)032481330</subfield><subfield code="4">cre</subfield></datafield><datafield ind1="1" ind2="0" tag="245"><subfield code="a">&lt;&lt;Les&gt;&gt; mammifères stampiens du bassin de Roanne</subfield><subfield code="n">1</subfield><subfield code="p">Anthracotherium bumbachense</subfield><subfield code="c">par Frédéric Roman et J. Boucher</subfield></datafield><datafield ind1=" " ind2="1" tag="264"><subfield code="a">Lyon</subfield><subfield code="b">Laboratoire de géologie de l'université de Lyon</subfield><subfield code="c">1936</subfield></datafield><datafield ind1=" " ind2=" " tag="300"><subfield code="a">41 p., 4 p. de pl.</subfield><subfield code="b">ill.</subfield><subfield code="c">24 cm</subfield></datafield><datafield ind1=" " ind2=" " tag="336"><subfield code="b">txt</subfield><subfield code="2">rdacontent</subfield></datafield><datafield ind1=" " ind2=" " tag="337"><subfield code="b">n</subfield><subfield code="2">rdamedia</subfield></datafield><datafield ind1=" " ind2=" " tag="338"><subfield code="b">nc</subfield><subfield code="2">rdacarrier</subfield></datafield><datafield ind1="1" ind2=" " tag="490"><subfield code="a">Travaux du Laboratoire de Géologie de la Faculté des Sciences de Lyon</subfield><subfield code="v">fasc. 29, no 24</subfield></datafield><datafield ind1=" " ind2=" " tag="504"><subfield code="a">Bibliogr.: p. 41</subfield></datafield><datafield ind1="1" ind2=" " tag="700"><subfield code="a">Boucher, J.</subfield><subfield code="c">Mlle, géologue</subfield><subfield code="0">(RERO)A020246337</subfield></datafield><datafield ind1=" " ind2=" " tag="830"><subfield code="a">Travaux du Laboratoire de géologie de la Faculté des sciences de Lyon</subfield><subfield code="v">29,24</subfield><subfield code="w">(RERO)0912341-41slsp</subfield></datafield><datafield ind1=" " ind2=" " tag="900"><subfield code="a">REROnoselfmerge</subfield></datafield><datafield ind1=" " ind2=" " tag="910"><subfield code="a">OCoLC</subfield><subfield code="b">20120123</subfield><subfield code="c">Droits réservés</subfield></datafield></record>
</metadata></record>