<record><header><identifier>oai:alma.41SLSP_UGE:991000020619705502</identifier><datestamp>2023-04-13T00:10:27Z</datestamp><setSpec>uge_bcen_RapidILL_BOOK</setSpec><setSpec>uge_aaca_RapidILL_BOOK</setSpec><setSpec>uge_abels_RapidILL_BOOK</setSpec><setSpec>uge_dbu_RapidILL_BOOK</setSpec><setSpec>uge_cmu_RapidILL_BOOK</setSpec><setSpec>uge_mail_RapidILL_BOOK</setSpec><setSpec>uge_abbat_RapidILL_BOOK</setSpec><setSpec>UNIGE_ALL</setSpec><setSpec>uge_aobs_RapidILL_BOOK</setSpec><setSpec>uge_acar_RapidILL_BOOK</setSpec></header><metadata>
<record xmlns="http://www.loc.gov/MARC21/slim" xmlns:xsi="http://www.w3.org/2001/XMLSchema-instance" xsi:schemaLocation="http://www.loc.gov/MARC21/slim http://www.loc.gov/standards/marcxml/schema/MARC21slim.xsd"><leader>03113nam a2200661 c 4500</leader><controlfield tag="001">991000020619705502</controlfield><controlfield tag="005">20230412170531.0</controlfield><controlfield tag="008">170309m20152016ec ||||| |||| 00| ||spa d</controlfield><datafield ind1=" " ind2=" " tag="020"><subfield code="a">9789942087591</subfield><subfield code="q">I</subfield></datafield><datafield ind1=" " ind2=" " tag="020"><subfield code="a">9789942087638</subfield><subfield code="q">II</subfield></datafield><datafield ind1=" " ind2=" " tag="020"><subfield code="a">9789942087652</subfield><subfield code="q">III</subfield></datafield><datafield ind1=" " ind2=" " tag="020"><subfield code="a">9789942087737</subfield><subfield code="q">set</subfield></datafield><datafield ind1=" " ind2=" " tag="020"><subfield code="a">9942087591</subfield><subfield code="q">I</subfield></datafield><datafield ind1=" " ind2=" " tag="020"><subfield code="a">994208763X</subfield><subfield code="q">II</subfield></datafield><datafield ind1=" " ind2=" " tag="020"><subfield code="a">9942087656</subfield><subfield code="q">III</subfield></datafield><datafield ind1=" " ind2=" " tag="020"><subfield code="a">9942087737</subfield><subfield code="q">set</subfield></datafield><datafield ind1="7" ind2=" " tag="024"><subfield code="a">http://catalogue.bnf.fr/ark:/12148/cb452897666</subfield><subfield code="2">uri</subfield></datafield><datafield ind1=" " ind2=" " tag="035"><subfield code="a">(swissbib)12368546X-41slsp_network</subfield></datafield><datafield ind1=" " ind2=" " tag="035"><subfield code="a">12368546X</subfield><subfield code="9">ExL</subfield></datafield><datafield ind1=" " ind2=" " tag="035"><subfield code="a">(RERO)R008611121-41slsp</subfield></datafield><datafield ind1=" " ind2=" " tag="035"><subfield code="a">(EXLNZ-41SLSP_NETWORK)991018938749705501</subfield></datafield><datafield ind1=" " ind2=" " tag="040"><subfield code="a">CSt</subfield><subfield code="b">eng</subfield><subfield code="e">rda</subfield><subfield code="d">CH-ZuSLS</subfield></datafield><datafield ind1=" " ind2="4" tag="050"><subfield code="a">PQ8213</subfield><subfield code="b">.L579 2015</subfield></datafield><datafield ind1=" " ind2="7" tag="072"><subfield code="a">es</subfield><subfield code="2">rero</subfield></datafield><datafield ind1="0" ind2="0" tag="245"><subfield code="a">Literatura del siglo XIX</subfield><subfield code="c">autoría y dirección general, Juan Valdano ; coordinación, Francisco Proaño Arandi</subfield></datafield><datafield ind1=" " ind2=" " tag="250"><subfield code="a">Primera edición.</subfield></datafield><datafield ind1=" " ind2="1" tag="264"><subfield code="a">Loja, Ecuador</subfield><subfield code="b">Universidad Técnica Particular de Loja (UTPL)</subfield><subfield code="c">2015-2016</subfield></datafield><datafield ind1=" " ind2=" " tag="300"><subfield code="a">3 volumes</subfield><subfield code="c">21 cm</subfield></datafield><datafield ind1=" " ind2=" " tag="336"><subfield code="b">txt</subfield><subfield code="2">rdacontent</subfield></datafield><datafield ind1=" " ind2=" " tag="337"><subfield code="b">n</subfield><subfield code="2">rdamedia</subfield></datafield><datafield ind1=" " ind2=" " tag="338"><subfield code="b">nc</subfield><subfield code="2">rdacarrier</subfield></datafield><datafield ind1="0" ind2=" " tag="490"><subfield code="a">Biblioteca básica de autores ecuatorianos</subfield></datafield><datafield ind1=" " ind2=" " tag="500"><subfield code="a">&quot;Aclaración: En la presente edición se conservó la versión original de los textos literarios seleccionados.&quot;</subfield></datafield><datafield ind1=" " ind2=" " tag="504"><subfield code="a">Includes bibliographical references</subfield></datafield><datafield ind1="0" ind2=" " tag="505"><subfield code="a">I. José Joaquín de Olmedo ; Dolores Veintimilla de Galindo ; Julio Zaldumbide, Remigio Crespo Toral -- II. Juan León Mera ; Manuel J. Calle ; Luis A. Martínez ; Roberto Andrade ; Miguel Riofrío -- III. Juan Montalvo ; Fray Vicente Solano ; José Peralta ; Federico González Suárez ; Marietta de Veintemilla</subfield></datafield><datafield ind1=" " ind2="0" tag="650"><subfield code="a">Ecuadorian literature</subfield><subfield code="y">19th century</subfield></datafield><datafield ind1=" " ind2="0" tag="650"><subfield code="a">Ecuadorian poetry</subfield><subfield code="y">19th century</subfield></datafield><datafield ind1=" " ind2="7" tag="650"><subfield code="a">Littérature équatorienne</subfield><subfield code="0">(IDREF)028528794</subfield><subfield code="2">idref</subfield></datafield><datafield ind1=" " ind2="7" tag="650"><subfield code="a">19e siècle</subfield><subfield code="0">(IDREF)027794059</subfield><subfield code="2">idref</subfield></datafield><datafield ind1=" " ind2="7" tag="655"><subfield code="a">Anthologies</subfield><subfield code="0">(IDREF)027269493</subfield><subfield code="2">idref</subfield></datafield><datafield ind1="1" ind2=" " tag="700"><subfield code="a">Andrade, Roberto</subfield><subfield code="d">1851-1938</subfield><subfield code="0">(RERO)A026927114</subfield></datafield><datafield ind1="1" ind2=" " tag="700"><subfield code="a">Calle, Manuel J.</subfield><subfield code="d">1866-1918</subfield><subfield code="0">(RERO)A026927115</subfield></datafield><datafield ind1="1" ind2=" " tag="700"><subfield code="a">Crespo Toral, Remigio</subfield><subfield code="d">1860-1939</subfield><subfield code="0">(IDREF)071418202</subfield></datafield><datafield ind1="1" ind2=" " tag="700"><subfield code="a">González Suárez, Federico</subfield><subfield code="d">1844-1917</subfield><subfield code="0">(IDREF)032666977</subfield></datafield><datafield ind1="1" ind2=" " tag="700"><subfield code="a">Martínez, Luis A.</subfield><subfield code="q">Luis Alfredo</subfield><subfield code="d">1869-1909</subfield><subfield code="0">(RERO)A026927116</subfield></datafield><datafield ind1="1" ind2=" " tag="700"><subfield code="a">Mera, Juan León</subfield><subfield code="0">(RERO)A003584649</subfield></datafield><datafield ind1="1" ind2=" " tag="700"><subfield code="a">Montalvo, Juan</subfield><subfield code="0">(RERO)A003604911</subfield></datafield><datafield ind1="1" ind2=" " tag="700"><subfield code="a">Olmedo, José Joaquín</subfield><subfield code="d">1780-1847</subfield><subfield code="0">(IDREF)071414665</subfield></datafield><datafield ind1="1" ind2=" " tag="700"><subfield code="a">Peralta, José</subfield><subfield code="d">1855-1937</subfield><subfield code="0">(RERO)A026838381</subfield></datafield><datafield ind1="1" ind2=" " tag="700"><subfield code="a">Proaño Arandi, Francisco</subfield><subfield code="d">1944-....</subfield><subfield code="0">(IDREF)033787220</subfield></datafield><datafield ind1="1" ind2=" " tag="700"><subfield code="a">Riofrío, Miguel</subfield><subfield code="d">1822-1879</subfield><subfield code="0">(RERO)A026838382</subfield></datafield><datafield ind1="1" ind2=" " tag="700"><subfield code="a">Solano, Vicente</subfield><subfield code="d">ca. 1791-1865</subfield><subfield code="0">(RERO)A026848217</subfield></datafield><datafield ind1="1" ind2=" " tag="700"><subfield code="a">Valdano Morejón, Juan</subfield><subfield code="d">1939-....</subfield><subfield code="0">(IDREF)034493220</subfield></datafield><datafield ind1="1" ind2=" " tag="700"><subfield code="a">Veintemilla, Marietta de</subfield><subfield code="d">1858-1907</subfield><subfield code="0">(RERO)A026838385</subfield></datafield><datafield ind1="1" ind2=" " tag="700"><subfield code="a">Veintimilla de Galindo, Dolores</subfield><subfield code="d">1829-1857</subfield><subfield code="0">(RERO)A026838386</subfield></datafield><datafield ind1="1" ind2=" " tag="700"><subfield code="a">Zaldumbide, Julio</subfield><subfield code="d">1833-1887</subfield><subfield code="0">(IDREF)251231739</subfield></datafield><datafield ind1="2" ind2=" " tag="710"><subfield code="a">Universidad Técnica Particular de Loja</subfield><subfield code="0">(RERO)A026838388</subfield></datafield><datafield ind1=" " ind2=" " tag="900"><subfield code="a">REROnoselfmerge</subfield></datafield><datafield ind1=" " ind2=" " tag="910"><subfield code="a">OCoLC</subfield><subfield code="b">20170309</subfield><subfield code="c">Droits réservés</subfield></datafield><datafield ind1=" " ind2=" " tag="993"><subfield code="a">BFLA 276167</subfield><subfield code="x">ge/ules/a/17/381-1</subfield><subfield code="9">LOCAL</subfield></datafield></record>
</metadata></record>