<record><header><identifier>oai:alma.41SLSP_UGE:991000020829705502</identifier><datestamp>2023-06-26T00:15:08Z</datestamp><setSpec>UNIGE_ALL</setSpec></header><metadata>
<record xmlns="http://www.loc.gov/MARC21/slim" xmlns:xsi="http://www.w3.org/2001/XMLSchema-instance" xsi:schemaLocation="http://www.loc.gov/MARC21/slim http://www.loc.gov/standards/marcxml/schema/MARC21slim.xsd"><leader>01461ngm a2200301 c 4500</leader><controlfield tag="001">991000020829705502</controlfield><controlfield tag="005">20230625183756.0</controlfield><controlfield tag="007">vd |v||||</controlfield><controlfield tag="008">171018s2016    fr ||| |          v|fre d</controlfield><datafield ind1=" " ind2=" " tag="035"><subfield code="a">(swissbib)124260438-41slsp_network</subfield></datafield><datafield ind1=" " ind2=" " tag="035"><subfield code="a">124260438</subfield><subfield code="9">ExL</subfield></datafield><datafield ind1=" " ind2=" " tag="035"><subfield code="a">(RERO)R008718932-41slsp</subfield></datafield><datafield ind1=" " ind2=" " tag="035"><subfield code="a">(EXLNZ-41SLSP_NETWORK)991139694739705501</subfield></datafield><datafield ind1=" " ind2=" " tag="040"><subfield code="a">RERO geumem</subfield><subfield code="d">CH-ZuSLS</subfield></datafield><datafield ind1=" " ind2="7" tag="072"><subfield code="a">ba</subfield><subfield code="2">rero</subfield></datafield><datafield ind1="0" ind2="0" tag="245"><subfield code="a">1789</subfield><subfield code="c">un film du Théâtre du Soleil ; réal. par Ariane Mnouchkine</subfield></datafield><datafield ind1=" " ind2="1" tag="264"><subfield code="a">[Lieu de publication non identifié]</subfield><subfield code="b">BelAir</subfield><subfield code="c">2016</subfield></datafield><datafield ind1=" " ind2=" " tag="300"><subfield code="a">2 DVD vidéo</subfield><subfield code="e">1 livret (26 p.)</subfield></datafield><datafield ind1=" " ind2=" " tag="336"><subfield code="b">tdi</subfield><subfield code="2">rdacontent</subfield></datafield><datafield ind1=" " ind2=" " tag="337"><subfield code="b">v</subfield><subfield code="2">rdamedia</subfield></datafield><datafield ind1=" " ind2=" " tag="338"><subfield code="b">vd</subfield><subfield code="2">rdacarrier</subfield></datafield><datafield ind1=" " ind2=" " tag="500"><subfield code="a">Durée du film : 146 min.</subfield></datafield><datafield ind1=" " ind2=" " tag="500"><subfield code="a">Une prod. les Films Ariane, 1974</subfield></datafield><datafield ind1=" " ind2=" " tag="500"><subfield code="a">Film tourné lors des treize dernières représentations du spectacle donné par le Théâtre du Soleil à la Cartoucherie en juin 1973</subfield></datafield><datafield ind1="0" ind2=" " tag="505"><subfield code="a">DVD2 : &quot;1789, 40 ans après&quot; / de Stefano Missio. - 48 min. . Entretien avec Ariane Mnouchkine et certains comédiens du film</subfield></datafield><datafield ind1="0" ind2=" " tag="511"><subfield code="a">Lucia Bensasson ; Georges Bonnaud ; Jean-Claude Bourbault ; Joséphine Derenne ; Myrrha Donzenac ; Nicole Félix ; Gérard Hardy ; Jean-François Labouverie ; Daïna Lavarenne ; Jean-Claude Penchenat ; Geneviève Rey-Penchenat ; Rosine Rochette... et al.</subfield></datafield><datafield ind1=" " ind2="7" tag="655"><subfield code="a">DVD</subfield><subfield code="0">(IDREF)035108444</subfield><subfield code="2">idref</subfield></datafield><datafield ind1="1" ind2=" " tag="700"><subfield code="a">Mnouchkine, Ariane</subfield><subfield code="0">(RERO)A003600203</subfield></datafield><datafield ind1="2" ind2=" " tag="710"><subfield code="a">Théâtre du Soleil (Paris/Vincennes)</subfield><subfield code="0">(RERO)A003900593</subfield></datafield></record>
</metadata></record>