<record><header><identifier>oai:alma.41SLSP_UGE:991000020719705502</identifier><datestamp>2023-03-27T00:10:44Z</datestamp><setSpec>uge_cmu_RapidILL_JOURNAL</setSpec><setSpec>uge_aobs_RapidILL_JOURNAL</setSpec><setSpec>uge_aaca_RapidILL_JOURNAL</setSpec><setSpec>uge_bcen_RapidILL_JOURNAL</setSpec><setSpec>uge_abbat_RapidILL_JOURNAL</setSpec><setSpec>uge_dbu_RapidILL_JOURNAL</setSpec><setSpec>uge_mail_RapidILL_JOURNAL</setSpec><setSpec>uge_abels_RapidILL_JOURNAL</setSpec><setSpec>UNIGE_ALL</setSpec><setSpec>uge_acar_RapidILL_JOURNAL</setSpec></header><metadata>
<record xmlns="http://www.loc.gov/MARC21/slim" xmlns:xsi="http://www.w3.org/2001/XMLSchema-instance" xsi:schemaLocation="http://www.loc.gov/MARC21/slim http://www.loc.gov/standards/marcxml/schema/MARC21slim.xsd"><leader>03133nas a2200745 c 4500</leader><controlfield tag="001">991000020719705502</controlfield><controlfield tag="005">20230325155120.0</controlfield><controlfield tag="008">201011c19759999ne || p|  ||| 0    0eng d</controlfield><datafield ind1="7" ind2=" " tag="016"><subfield code="a">191155-7</subfield><subfield code="2">ZDB</subfield></datafield><datafield ind1=" " ind2=" " tag="022"><subfield code="a">1873-1295</subfield></datafield><datafield ind1=" " ind2=" " tag="022"><subfield code="a">0304-3932</subfield></datafield><datafield ind1=" " ind2=" " tag="035"><subfield code="a">(swissbib)218279973-41slsp_network</subfield></datafield><datafield ind1=" " ind2=" " tag="035"><subfield code="a">218279973</subfield><subfield code="9">ExL</subfield></datafield><datafield ind1=" " ind2=" " tag="035"><subfield code="a">(RERO)0209980-41slsp</subfield></datafield><datafield ind1=" " ind2=" " tag="035"><subfield code="a">(NEBIS)000980556EBI01</subfield></datafield><datafield ind1=" " ind2=" " tag="035"><subfield code="a">(IDSBB)000078130DSV01</subfield></datafield><datafield ind1=" " ind2=" " tag="035"><subfield code="a">(IDSSG)000006439HSB01</subfield></datafield><datafield ind1=" " ind2=" " tag="035"><subfield code="a">(EXLNZ-41SLSP_NETWORK)991093846509705501</subfield></datafield><datafield ind1=" " ind2=" " tag="040"><subfield code="a">RERO</subfield><subfield code="d">CH-ZuSLS</subfield></datafield><datafield ind1=" " ind2="7" tag="072"><subfield code="a">se</subfield><subfield code="2">rero</subfield></datafield><datafield ind1=" " ind2="7" tag="072"><subfield code="a">wi</subfield><subfield code="2">SzZuIDS BS/BE</subfield></datafield><datafield ind1="1" ind2="4" tag="082"><subfield code="a">330</subfield><subfield code="2">15</subfield></datafield><datafield ind1="0" ind2=" " tag="210"><subfield code="a">J. monet. econ.</subfield><subfield code="b">Print</subfield></datafield><datafield ind1="0" ind2="0" tag="245"><subfield code="a">Journal of monetary economics</subfield></datafield><datafield ind1="1" ind2="3" tag="246"><subfield code="a">JME</subfield></datafield><datafield ind1=" " ind2="1" tag="264"><subfield code="a">Amsterdam</subfield><subfield code="b">North-Holland</subfield></datafield><datafield ind1="3" ind2="1" tag="264"><subfield code="a">Amsterdam</subfield><subfield code="b">Elsevier</subfield></datafield><datafield ind1=" " ind2=" " tag="300"><subfield code="a">Bände</subfield></datafield><datafield ind1=" " ind2=" " tag="310"><subfield code="a">8x par an,</subfield><subfield code="b">2002-</subfield></datafield><datafield ind1=" " ind2=" " tag="321"><subfield code="a">Trimestriel,</subfield><subfield code="b">1975-1980</subfield></datafield><datafield ind1=" " ind2=" " tag="321"><subfield code="a">Bimestriel,</subfield><subfield code="b">1981-2001</subfield></datafield><datafield ind1=" " ind2=" " tag="336"><subfield code="b">txt</subfield><subfield code="2">rdacontent</subfield></datafield><datafield ind1=" " ind2=" " tag="337"><subfield code="b">n</subfield><subfield code="2">rdamedia</subfield></datafield><datafield ind1=" " ind2=" " tag="338"><subfield code="b">nc</subfield><subfield code="2">rdacarrier</subfield></datafield><datafield ind1="0" ind2=" " tag="362"><subfield code="a">Vol. 1, no. 1 (Jan. 1975)-</subfield></datafield><datafield ind1=" " ind2=" " tag="500"><subfield code="a">Le no. 3 du vol. 10(1982) contient un index général pour les volumes 1(1975) - 10(1982)</subfield></datafield><datafield ind1=" " ind2=" " tag="500"><subfield code="a">De 1976 à 1979, son supplément &quot;Carnegie-Rochester conference series on public policy&quot; s'intitule aussi : &quot;Journal of monetary economics supplementary series&quot;</subfield></datafield><datafield ind1=" " ind2=" " tag="500"><subfield code="a">Ursprüngl. Vertriebsstelle: North-Holland Publishing Comp.</subfield></datafield><datafield ind1=" " ind2=" " tag="524"><subfield code="a">JOME</subfield></datafield><datafield ind1=" " ind2=" " tag="580"><subfield code="a">A pour suppl. : Carnegie-Rochester conference series on public policy : a bi-annual conference proceedings</subfield></datafield><datafield ind1=" " ind2=" " tag="580"><subfield code="a">Dès 2002 absorbe: Carnegie-Rochester conférence series on public policy</subfield></datafield><datafield ind1=" " ind2=" " tag="591"><subfield code="a">UB St. Gallen</subfield><subfield code="b">Archivexemplar</subfield></datafield><datafield ind1=" " ind2="7" tag="650"><subfield code="a">Monnaie</subfield><subfield code="0">(IDREF)027237893</subfield><subfield code="2">idref</subfield></datafield><datafield ind1=" " ind2="7" tag="650"><subfield code="a">système monétaire</subfield><subfield code="0">(RERO)A009957570</subfield><subfield code="2">rerovoc</subfield></datafield><datafield ind1=" " ind2="7" tag="650"><subfield code="a">Conditions économiques</subfield><subfield code="0">(IDREF)028626885</subfield><subfield code="2">idref</subfield></datafield><datafield ind1=" " ind2="7" tag="650"><subfield code="a">Économie publique</subfield><subfield code="0">(IDREF)028119126</subfield><subfield code="2">idref</subfield></datafield><datafield ind1=" " ind2="7" tag="650"><subfield code="a">Geldpolitik</subfield><subfield code="2">idszbz</subfield></datafield><datafield ind1=" " ind2="7" tag="650"><subfield code="a">Geldtheorie</subfield><subfield code="2">idszbz</subfield></datafield><datafield ind1=" " ind2="7" tag="650"><subfield code="a">Geldpolitik</subfield><subfield code="0">(DE-588)4019902-2</subfield><subfield code="2">gnd</subfield></datafield><datafield ind1=" " ind2="7" tag="650"><subfield code="a">FINANZDIENSTLEISTUNGEN</subfield><subfield code="9">ger</subfield><subfield code="0">(ETHUDK)000010655</subfield><subfield code="2">ethudk</subfield></datafield><datafield ind1=" " ind2="7" tag="650"><subfield code="a">GELDPOLITIK</subfield><subfield code="9">ger</subfield><subfield code="0">(ETHUDK)000010741</subfield><subfield code="2">ethudk</subfield></datafield><datafield ind1=" " ind2="7" tag="650"><subfield code="a">MONETARISMUS (WIRTSCHAFTSTHEORIEN)</subfield><subfield code="9">ger</subfield><subfield code="0">(ETHUDK)000010378</subfield><subfield code="2">ethudk</subfield></datafield><datafield ind1=" " ind2="7" tag="650"><subfield code="a">VOLKSWIRTSCHAFTSLEHRE</subfield><subfield code="9">ger</subfield><subfield code="0">(ETHUDK)000010283</subfield><subfield code="2">ethudk</subfield></datafield><datafield ind1=" " ind2="7" tag="650"><subfield code="a">Geldtheorie</subfield><subfield code="0">(DE-588)4121333-6</subfield><subfield code="2">gnd</subfield></datafield><datafield ind1=" " ind2="7" tag="650"><subfield code="a">Geldwirtschaft</subfield><subfield code="0">(DE-588)4129419-1</subfield><subfield code="2">gnd</subfield></datafield><datafield ind1=" " ind2="7" tag="655"><subfield code="a">Périodiques</subfield><subfield code="0">(IDREF)02724640X</subfield><subfield code="2">idref</subfield></datafield><datafield ind1=" " ind2="7" tag="655"><subfield code="a">Zeitschrift</subfield><subfield code="2">idszbz</subfield></datafield><datafield ind1=" " ind2="7" tag="655"><subfield code="a">Zeitschrift</subfield><subfield code="2">gnd-content</subfield></datafield><datafield ind1="0" ind2=" " tag="770"><subfield code="t">Carnegie-Rochester conference series on public policy : a bi-annual conference proceedings</subfield><subfield code="w">(RERO)0153648-41slsp</subfield></datafield><datafield ind1="0" ind2="0" tag="780"><subfield code="i">Nimmt 2002 auf</subfield><subfield code="t">Carnegie-Rochester conference series on public policy</subfield><subfield code="w">(IDSBB)000134396DSV01</subfield></datafield><datafield ind1="0" ind2="8" tag="776"><subfield code="i">Online-Ausgabe</subfield><subfield code="w">(IDSSG)000970768HSB01</subfield></datafield><datafield ind1="0" ind2="5" tag="780"><subfield code="t">Carnegie-Rochester conference series on public policies</subfield><subfield code="w">(NEBIS)001076552EBI01</subfield></datafield><datafield ind1="0" ind2="8" tag="776"><subfield code="i">Erscheint auch als Online-Ausgabe</subfield><subfield code="t">Journal of monetary economics</subfield></datafield><datafield ind1=" " ind2=" " tag="900"><subfield code="a">REROnoselfmerge</subfield></datafield><datafield ind1=" " ind2=" " tag="900"><subfield code="d">IDSZ2zbzswk200011b</subfield><subfield code="e">IDSZ2okoh</subfield></datafield><datafield ind1=" " ind2=" " tag="900"><subfield code="a">NEBISnoselfmerge</subfield></datafield></record>
</metadata></record>