<record><header><identifier>oai:alma.41SLSP_UGE:991000021239705502</identifier><datestamp>2023-12-15T01:26:15Z</datestamp><setSpec>uge_bcen_RapidILL_BOOK</setSpec><setSpec>uge_aaca_RapidILL_BOOK</setSpec><setSpec>uge_abels_RapidILL_BOOK</setSpec><setSpec>uge_dbu_RapidILL_BOOK</setSpec><setSpec>uge_cmu_RapidILL_BOOK</setSpec><setSpec>uge_mail_RapidILL_BOOK</setSpec><setSpec>uge_abbat_RapidILL_BOOK</setSpec><setSpec>UNIGE_ALL</setSpec><setSpec>uge_aobs_RapidILL_BOOK</setSpec><setSpec>uge_acar_RapidILL_BOOK</setSpec></header><metadata>
<record xmlns="http://www.loc.gov/MARC21/slim" xmlns:xsi="http://www.w3.org/2001/XMLSchema-instance" xsi:schemaLocation="http://www.loc.gov/MARC21/slim http://www.loc.gov/standards/marcxml/schema/MARC21slim.xsd"><leader>01462nam a2200385 c 4500</leader><controlfield tag="001">991000021239705502</controlfield><controlfield tag="005">20230328222133.0</controlfield><controlfield tag="008">201022s2000    it ||||| |||| 00| ||ita d</controlfield><datafield ind1=" " ind2=" " tag="020"><subfield code="a">8831520075</subfield></datafield><datafield ind1=" " ind2=" " tag="035"><subfield code="a">(swissbib)252311477-41slsp_network</subfield></datafield><datafield ind1=" " ind2=" " tag="035"><subfield code="a">252311477</subfield><subfield code="9">ExL</subfield></datafield><datafield ind1=" " ind2=" " tag="035"><subfield code="a">(RERO)R003368454-41slsp</subfield></datafield><datafield ind1=" " ind2=" " tag="035"><subfield code="a">(SBT)000254866SBT01</subfield></datafield><datafield ind1=" " ind2=" " tag="035"><subfield code="a">(EXLNZ-41SLSP_NETWORK)991150118209705501</subfield></datafield><datafield ind1=" " ind2=" " tag="040"><subfield code="a">RERO frbcuc</subfield><subfield code="d">CH-ZuSLS</subfield></datafield><datafield ind1=" " ind2="7" tag="072"><subfield code="a">th</subfield><subfield code="2">rero</subfield></datafield><datafield ind1="1" ind2=" " tag="100"><subfield code="a">Borghi, Ernesto</subfield><subfield code="d">1964-....</subfield><subfield code="0">(IDREF)111814391</subfield><subfield code="4">cre</subfield></datafield><datafield ind1="1" ind2="0" tag="245"><subfield code="a">&lt;&lt;La&gt;&gt; responsabilità della gioia</subfield><subfield code="b">vivere il vangelo secondo Luca</subfield><subfield code="c">Ernesto Borghi ; pref. di Gustavo Gutiérrez</subfield></datafield><datafield ind1=" " ind2="1" tag="264"><subfield code="a">Milano</subfield><subfield code="b">Paoline</subfield><subfield code="c">2000</subfield></datafield><datafield ind1=" " ind2=" " tag="300"><subfield code="a">266 p.</subfield><subfield code="c">21 cm</subfield></datafield><datafield ind1=" " ind2=" " tag="336"><subfield code="b">txt</subfield><subfield code="2">rdacontent</subfield></datafield><datafield ind1=" " ind2=" " tag="337"><subfield code="b">n</subfield><subfield code="2">rdamedia</subfield></datafield><datafield ind1=" " ind2=" " tag="338"><subfield code="b">nc</subfield><subfield code="2">rdacarrier</subfield></datafield><datafield ind1="1" ind2=" " tag="490"><subfield code="a">Cammini nello Spirito</subfield><subfield code="v">26.</subfield><subfield code="a">Meditazione</subfield></datafield><datafield ind1="0" ind2="7" tag="630"><subfield code="a">Bible</subfield><subfield code="p">NT</subfield><subfield code="p">Luc</subfield><subfield code="0">(RERO)A009967503</subfield><subfield code="2">rero</subfield></datafield><datafield ind1="0" ind2="7" tag="630"><subfield code="a">Bibbia. Nuovo Testamento. Vangelo secondo Luca</subfield><subfield code="x">Commenti</subfield><subfield code="2">sbt12</subfield></datafield><datafield ind1=" " ind2="7" tag="650"><subfield code="a">Joie</subfield><subfield code="0">(IDREF)027595439</subfield><subfield code="2">idref</subfield></datafield><datafield ind1=" " ind2="7" tag="650"><subfield code="a">Spiritualité</subfield><subfield code="0">(IDREF)027268225</subfield><subfield code="2">idref</subfield></datafield><datafield ind1=" " ind2="7" tag="655"><subfield code="a">Commentaire de texte</subfield><subfield code="0">(IDREF)27790681</subfield><subfield code="2">idref</subfield></datafield><datafield ind1=" " ind2=" " tag="691"><subfield code="e">226.407</subfield><subfield code="a">Bibbia. Nuovo Testamento. Vangelo di Luca. Commenti</subfield><subfield code="2">usi-TE</subfield></datafield><datafield ind1="1" ind2=" " tag="700"><subfield code="a">Gutiérrez, Gustavo</subfield></datafield><datafield ind1="0" ind2=" " tag="730"><subfield code="a">Bibbia</subfield><subfield code="n">206</subfield><subfield code="p">NT</subfield><subfield code="p">Vangelo secondo Luca</subfield><subfield code="k">Commento</subfield></datafield><datafield ind1=" " ind2="0" tag="830"><subfield code="a">Cammini nello Spirito</subfield><subfield code="v">26</subfield><subfield code="w">(RERO)R233419560-41slsp</subfield></datafield><datafield ind1=" " ind2="0" tag="830"><subfield code="a">Cammini nello Spirito</subfield><subfield code="v">26</subfield><subfield code="w">(SBT)000111567SBT01</subfield></datafield><datafield ind1=" " ind2=" " tag="900"><subfield code="a">REROnoselfmerge</subfield></datafield><datafield ind1=" " ind2=" " tag="900"><subfield code="a">IDST9limend</subfield></datafield></record>
</metadata></record>