<record><header><identifier>oai:alma.41SLSP_UGE:991000020739705502</identifier><datestamp>2023-03-01T01:09:06Z</datestamp><setSpec>uge_bcen_RapidILL_BOOK</setSpec><setSpec>uge_aaca_RapidILL_BOOK</setSpec><setSpec>uge_abels_RapidILL_BOOK</setSpec><setSpec>uge_dbu_RapidILL_BOOK</setSpec><setSpec>uge_cmu_RapidILL_BOOK</setSpec><setSpec>uge_mail_RapidILL_BOOK</setSpec><setSpec>UNIGE_ALL</setSpec><setSpec>uge_abbat_RapidILL_BOOK</setSpec><setSpec>uge_aobs_RapidILL_BOOK</setSpec><setSpec>uge_acar_RapidILL_BOOK</setSpec></header><metadata>
<record xmlns="http://www.loc.gov/MARC21/slim" xmlns:xsi="http://www.w3.org/2001/XMLSchema-instance" xsi:schemaLocation="http://www.loc.gov/MARC21/slim http://www.loc.gov/standards/marcxml/schema/MARC21slim.xsd"><leader>03072nam a2200325 c 4500</leader><controlfield tag="001">991000020739705502</controlfield><controlfield tag="005">20230122165309.0</controlfield><controlfield tag="008">201022s2005    fr ||||| |||| 00| ||fre d</controlfield><datafield ind1=" " ind2=" " tag="020"><subfield code="a">2749204321</subfield></datafield><datafield ind1=" " ind2=" " tag="035"><subfield code="a">(swissbib)252173678-41slsp_network</subfield></datafield><datafield ind1=" " ind2=" " tag="035"><subfield code="a">252173678</subfield><subfield code="9">ExL</subfield></datafield><datafield ind1=" " ind2=" " tag="035"><subfield code="a">(RERO)R003970452-41slsp</subfield></datafield><datafield ind1=" " ind2=" " tag="035"><subfield code="a">(EXLNZ-41SLSP_NETWORK)991025241019705501</subfield></datafield><datafield ind1=" " ind2=" " tag="040"><subfield code="a">RERO neubfl</subfield><subfield code="d">CH-ZuSLS</subfield></datafield><datafield ind1=" " ind2="7" tag="072"><subfield code="a">ps</subfield><subfield code="2">rero</subfield></datafield><datafield ind1="0" ind2="0" tag="245"><subfield code="a">&lt;&lt;Le&gt;&gt; mal d'apprendre</subfield><subfield code="c">sous la dir. de Marie-Luce Verdier-Gibello, Ginette Francequin et Alexandrine Saint-Cast</subfield></datafield><datafield ind1=" " ind2="1" tag="264"><subfield code="a">Ramonville Saint-Agne</subfield><subfield code="b">Erès</subfield><subfield code="c">2005</subfield></datafield><datafield ind1=" " ind2=" " tag="300"><subfield code="a">164 p.</subfield><subfield code="b">ill.</subfield><subfield code="c">24 cm</subfield></datafield><datafield ind1=" " ind2=" " tag="336"><subfield code="b">txt</subfield><subfield code="2">rdacontent</subfield></datafield><datafield ind1=" " ind2=" " tag="337"><subfield code="b">n</subfield><subfield code="2">rdamedia</subfield></datafield><datafield ind1=" " ind2=" " tag="338"><subfield code="b">nc</subfield><subfield code="2">rdacarrier</subfield></datafield><datafield ind1="1" ind2=" " tag="490"><subfield code="a">Enfances &amp; psy</subfield><subfield code="v">2005, no 28</subfield></datafield><datafield ind1=" " ind2=" " tag="500"><subfield code="a">La p. de couv. porte : dossier</subfield></datafield><datafield ind1="8" ind2=" " tag="520"><subfield code="a">&quot;Le mal d'apprendre&quot; / Marie-Luce Verdier-Gibello. Perturbations des apprentissages précoces: Comprendre, étayer, accompagner l'enfant défaillant / Bernard Golse et al. L'école à deux ans ? Un bienfait sous conditions / Jean-Louis Le Run. L'expérience du corps pour se préparer à apprendre / Alexandrine Saint-Cast. Faire face aux échecs scolaires précoces: Un petit cours préparatoire en réseau d'éducation prioritaire / Catherine Mastio. Restaurer le désir d'apprendre: Témoignage d'une institutrice en classe d'intégration scolaire (clis) / Anne Protin. Peur d'apprendre et échec scolaire / Serge Boimare. Les difficultés de lecture : approche plurielle / Jean-Pierre Gaté. Troubles narcissiques liés aux difficultés d'apprentissage chez l'enfant / Christine Frisch-Desmarez. Le refus scolaire anxieux: Prise en charge par une équipe multidisciplinaire / Hélène Denis. Entre enfance et adolescence : des collégiens en mal d'apprendre / Catherine Lacour-Gonay. Quand apprendre ne va pas de soi / Patrice Huerre. &quot;Quand je serai grande, je serai astronaute&quot;. Mise en place d'un programme soins-études dans un cas de phobie scolaire chez une jeune patiente / Miguel Gomez et al. L'illusion d'apprendre / Michel Botbol et Yann Barrère. La réussite tardive / Bertrand Bergier et Ginette Francequin</subfield><subfield code="5">RERO/njhep-/09.2011</subfield></datafield><datafield ind1=" " ind2=" " tag="520"><subfield code="a">In sommario: Perturbazioni di apprendistati precoci ; Imparare a scuola: la scuola à due anni? ; L'esperienza del corpo per prepararsi ad imparare ; Far fronte ai fallimenti scolastici precoci ; Restaturare il desiderio di imparare ; Paura d'imparare e fallimento scolastico ; Le difficoltà di lettura: approccio plurale ; Forme di patologia attuale: disturbi narcisistici legati alle difficoltà di apprendistato nel bambino ; I rifiuto scolastico ansioso ; Tra infanzia e adolescenza: i liceali con difficoltà di apprendimento : Quali progetti di vita ; Riuscira malgrado tutto: riuscire tardi</subfield></datafield><datafield ind1=" " ind2="7" tag="650"><subfield code="a">Troubles de l'apprentissage</subfield><subfield code="0">(IDREF)027510662</subfield><subfield code="2">idref</subfield></datafield><datafield ind1=" " ind2="7" tag="650"><subfield code="a">Enfants</subfield><subfield code="0">(IDREF)027233278</subfield><subfield code="2">idref</subfield></datafield><datafield ind1=" " ind2="7" tag="655"><subfield code="a">[Études diverses]</subfield><subfield code="0">(RERO)A022249905</subfield><subfield code="2">rero</subfield></datafield><datafield ind1="1" ind2=" " tag="700"><subfield code="a">Verdier-Gibello, Marie-Luce</subfield><subfield code="0">(IDREF)058051791</subfield></datafield><datafield ind1=" " ind2=" " tag="830"><subfield code="a">Enfances &amp; [et] psy</subfield><subfield code="v">2005,28</subfield><subfield code="w">(RERO)R225929460-41slsp</subfield></datafield><datafield ind1=" " ind2=" " tag="900"><subfield code="a">REROnoselfmerge</subfield></datafield></record>
</metadata></record>