<record><header><identifier>oai:alma.41SLSP_UGE:991000020949705502</identifier><datestamp>2024-09-28T00:14:16Z</datestamp><setSpec>uge_bcen_RapidILL_BOOK</setSpec><setSpec>uge_aaca_RapidILL_BOOK</setSpec><setSpec>uge_abels_RapidILL_BOOK</setSpec><setSpec>uge_dbu_RapidILL_BOOK</setSpec><setSpec>uge_cmu_RapidILL_BOOK</setSpec><setSpec>uge_mail_RapidILL_BOOK</setSpec><setSpec>uge_abbat_RapidILL_BOOK</setSpec><setSpec>UNIGE_ALL</setSpec><setSpec>uge_acar_RapidILL_BOOK</setSpec><setSpec>uge_aobs_RapidILL_BOOK</setSpec></header><metadata>
<record xmlns="http://www.loc.gov/MARC21/slim" xmlns:xsi="http://www.w3.org/2001/XMLSchema-instance" xsi:schemaLocation="http://www.loc.gov/MARC21/slim http://www.loc.gov/standards/marcxml/schema/MARC21slim.xsd"><leader>01102nam a2200349uc 4500</leader><controlfield tag="001">991000020949705502</controlfield><controlfield tag="005">20240927125230.0</controlfield><controlfield tag="008">201011t19931993xxu||||| |||| 00| ||eng d</controlfield><datafield ind1=" " ind2=" " tag="020"><subfield code="a">0807009180</subfield></datafield><datafield ind1=" " ind2=" " tag="035"><subfield code="a">(swissbib)22697247X-41slsp_network</subfield></datafield><datafield ind1=" " ind2=" " tag="035"><subfield code="a">22697247X</subfield><subfield code="9">ExL</subfield></datafield><datafield ind1=" " ind2=" " tag="035"><subfield code="a">(IDSBB)001018164DSV01</subfield></datafield><datafield ind1=" " ind2=" " tag="035"><subfield code="a">(RERO)1789147-41slsp</subfield></datafield><datafield ind1=" " ind2=" " tag="035"><subfield code="a">(EXLNZ-41SLSP_NETWORK)991104904719705501</subfield></datafield><datafield ind1=" " ind2=" " tag="040"><subfield code="a">SzZuIDS BS/BE A192</subfield><subfield code="b">ger</subfield><subfield code="e">kids</subfield><subfield code="d">CH-ZuSLS</subfield></datafield><datafield ind1=" " ind2="7" tag="072"><subfield code="a">sz</subfield><subfield code="2">SzZuIDS BS/BE</subfield></datafield><datafield ind1=" " ind2="7" tag="072"><subfield code="a">an</subfield><subfield code="2">SzZuIDS BS/BE</subfield></datafield><datafield ind1=" " ind2="7" tag="072"><subfield code="a">th</subfield><subfield code="2">rero</subfield></datafield><datafield ind1="1" ind2="4" tag="082"><subfield code="a">300</subfield><subfield code="2">15</subfield></datafield><datafield ind1=" " ind2=" " tag="084"><subfield code="a">MG 70968</subfield><subfield code="2">rvk</subfield></datafield><datafield ind1="1" ind2=" " tag="100"><subfield code="a">West, Cornel</subfield><subfield code="d">1953-</subfield><subfield code="0">(DE-588)122939298</subfield><subfield code="6">880-01</subfield></datafield><datafield ind1="1" ind2=" " tag="880"><subfield code="a">West, Cornel</subfield><subfield code="0">(RERO)A003969402</subfield><subfield code="4">cre</subfield><subfield code="6">100-01</subfield></datafield><datafield ind1="1" ind2="0" tag="245"><subfield code="a">Race matters</subfield><subfield code="c">Cornel West</subfield></datafield><datafield ind1=" " ind2="1" tag="264"><subfield code="a">Boston</subfield><subfield code="b">Beacon Press</subfield><subfield code="c">[1993]</subfield></datafield><datafield ind1=" " ind2="4" tag="264"><subfield code="c">© 1993</subfield></datafield><datafield ind1=" " ind2=" " tag="300"><subfield code="a">XI, 105 S.</subfield><subfield code="c">23 cm</subfield></datafield><datafield ind1=" " ind2=" " tag="336"><subfield code="b">txt</subfield><subfield code="2">rdacontent</subfield></datafield><datafield ind1=" " ind2=" " tag="337"><subfield code="b">n</subfield><subfield code="2">rdamedia</subfield></datafield><datafield ind1=" " ind2=" " tag="338"><subfield code="b">nc</subfield><subfield code="2">rdacarrier</subfield></datafield><datafield ind1=" " ind2="7" tag="650"><subfield code="a">Noirs américains</subfield><subfield code="0">(IDREF)027805220</subfield><subfield code="2">idref</subfield></datafield><datafield ind1=" " ind2="7" tag="650"><subfield code="a">Relations interethniques</subfield><subfield code="0">(IDREF)027507882</subfield><subfield code="2">idref</subfield></datafield><datafield ind1=" " ind2="7" tag="651"><subfield code="a">États-Unis</subfield><subfield code="0">(IDREF)027225488</subfield><subfield code="2">idref</subfield></datafield><datafield ind1=" " ind2=" " tag="900"><subfield code="a">REROnoselfmerge</subfield></datafield></record>
</metadata></record><resumptionToken>1900-01-01@all@UNIGE_ALL@marc21@5986487820005502</resumptionToken></ListRecords></OAI-PMH>